2360 3603
152 253 202 288 [A.
225 253 317 288 1:353]
776 245 1086 282 CHRONICON
1115 245 1347 280 ESTENSE
1904 246 1944 280 18
1952 248 1971 282 9

149 379 270 411 civitas
293 380 415 412 fulcita
438 386 509 411 erat
539 380 688 411 omniurn
712 378 997 416 necessariorum,
1021 384 1089 409 tam
1113 378 1416 419 stipendiariorum
1440 384 1473 410 et
1496 378 1680 419 capitanei,
1705 388 1805 420 quam
1830 377 1974 408 aliarum

147 433 384 471 munitionum,
409 439 443 464 et
466 433 625 464 similiter
648 431 780 473 navigii
811 430 941 462 domini
973 431 1184 462 Marchionis
1208 431 1320 462 fulciti
1345 437 1410 462 etc.
1457 431 1558 463 Tunc
1586 431 1741 463 dominus
1771 430 1975 462 Franciscus

149 490 184 516 et
206 484 392 517 Malatesta
417 495 493 517 cum
516 484 670 516 exercitu
694 484 830 515 iverunt
852 482 1185 520 Portum-maiorem,
1202 489 1235 515 et
1253 483 1444 515 habuerunt
1468 489 1615 515 castrum
1639 484 1732 515 dicte
1756 489 1845 514 terre
1870 489 1903 514 et
1926 482 1972 513 ibi

147 538 262 579 pransi
295 538 444 569 fuerunt.
490 537 589 569 Tunc
621 536 778 568 dominus
808 536 1004 573 Malatesta‚
1030 536 1087 577 qui
1112 536 1264 567 infirmus
1294 543 1513 574 remanserat,
1544 542 1580 568 ut
1603 547 1716 577 supra,
1740 537 1859 567 videns
1883 535 1975 577 quod

105 589 122 621 5
146 590 252 622 nichil
276 591 453 633 acquirere
476 595 609 632 poterat
632 589 722 620 misit
744 599 806 630 pro
837 588 976 620 domino
1008 589 1194 620 Francisco
1219 596 1253 620 et
1276 590 1469 627 Malatesta,
1501 591 1593 632 quod
1625 599 1701 620 cum
1725 595 1795 620 toto
1821 589 1974 619 exercitu

146 643 299 674 redirent
322 644 366 675 ad
389 654 478 680 eum,
503 648 536 674 et
559 642 608 673 sic
631 643 803 678 fecerunt,
829 647 863 672 et
886 651 1004 672 omnes
1028 648 1245 674 recesserunt
1268 653 1385 674 versus
1409 642 1612 674 Ariminum.

234 696 336 727 Tunc
358 695 539 727 Mantuani
561 695 715 726 volentes
738 694 856 725 venire
880 705 998 725 versus
1022 695 1215 727 Ferrariam
1239 705 1316 726 cum
1339 696 1502 732 exercitu,
1527 702 1560 727 et
1583 696 1738 727 Paduani
1770 696 1871 727 etiam
1896 705 1974 726 cum

146 750 296 780 maximo
321 748 486 786 exercitu,
509 748 692 779 credentes
715 746 844 778 habere
869 746 1073 778 Pollicinum
1098 748 1259 791 Rodigii3
1283 754 1316 779 et
1340 748 1497 780 dominus
1520 748 1624 780 Canis
1648 749 1691 780 de
1716 747 1748 779 la
1771 747 1874 779 Scala
1899 757 1975 788 pre-

145 802 256 833 sciens
279 802 355 838 hec,
377 801 491 832 statim
514 806 686 841 tamquam
710 799 839 830 amicus
862 799 897 830 in
921 800 1123 832 defensione
1141 807 1174 832 et
1190 802 1321 832 honore
1339 801 1469 833 domini
1486 801 1694 832 marchionis
1709 800 1975 836 Aldrovandini,

82 854 120 884 10
144 860 179 885 et
202 854 287 886 dicti
311 853 457 885 Policini
482 864 559 885 cum
583 852 732 883 maxima
757 853 948 894 quantitate
971 853 1181 895 equestrium
1206 860 1239 885 et
1262 855 1473 895 pedestrium
1492 853 1707 895 aplicuerunt
1731 853 1899 885 Abaciam
1924 853 1974 883 di-

142 907 280 938 strictus
304 905 449 949 Rodigii
474 906 518 937 ad
549 905 810 937 defendendum
841 904 1047 937 Pollicinum
1079 907 1285 947 predictum,
1317 913 1350 938 et
1380 906 1506 938 ibidem
1538 907 1712 949 ingressus
1744 912 1796 937 est
1819 905 1971 937 marchio

143 959 426 990 Aldrovandinus
450 959 495 990 ad
519 958 766 1000 parlamentum
791 968 867 989 cum
893 959 987 990 dicto
1003 959 1142 990 domino
1160 958 1272 995 Cane;
1291 966 1324 991 et
1342 960 1437 991 finito
1454 959 1678 1000 parlamento,
1695 959 1853 990 dominus
1870 958 1973 990 Canis

142 1012 294 1043 recessit.
339 1011 440 1043 Tunc
466 1011 625 1042 dominus
649 1010 809 1042 Galacius
833 1011 877 1042 de
900 1011 1063 1050 Medicis,
1080 1011 1283 1044 Thebaldus
1308 1013 1351 1044 de
1375 1011 1568 1048 Costabilis‚
1585 1011 1787 1054 Phylyppus
1804 1012 1847 1042 de
1866 1010 1975 1052 Paga-

140 1065 191 1096 nis
214 1064 388 1106 petierunt
411 1064 584 1095 licentiam
609 1075 627 1095 a
651 1063 791 1096 domino
816 1064 1031 1101 Marchione‚
1056 1065 1136 1107 quia
1160 1065 1325 1096 recedere
1358 1065 1522 1096 volebant
1551 1064 1595 1096 de
1628 1065 1701 1096 eius
1733 1064 1898 1101 districtu,
1930 1074 1973 1094 ne

81 1117 117 1148 15
142 1118 299 1149 dominus
324 1116 525 1148 ssonefatius
548 1118 592 1148 de
616 1116 761 1148 Ariostis
784 1117 919 1149 iaceret
942 1127 1001 1149 eos
1025 1118 1151 1155 occidi,
1175 1123 1208 1149 et
1232 1124 1448 1149 recesserunt
1471 1129 1548 1149 cum
1582 1118 1675 1150 dicto
1706 1117 1842 1149 domino
1867 1117 1974 1155 Cane,

141 1171 200 1212 qui
222 1170 311 1202 illari
336 1170 431 1202 vultu
453 1169 604 1211 recepit'
628 1181 696 1208 eos,
721 1176 754 1202 et
776 1171 912 1202 iverunt
937 1177 1085 1202 castrum
1109 1171 1327 1214 Castagnarii
1343 1172 1351 1188 ¹
1370 1171 1499 1203 domini
1516 1171 1632 1208 Canis,
1649 1176 1683 1202 et
1700 1171 1858 1202 dominus
1874 1169 1968 1200 Mar·
2029 1180 2101 1202 Mun„
2118 1181 2155 1203 ⁴70

140 1223 222 1255 chio
247 1223 375 1255 redivit
398 1223 601 1255 Ferrariam.

229 1277 362 1309 Eodem
385 1277 576 1314 millesimo,
601 1277 657 1308 die
674 1277 794 1308 xxvn⁰
811 1277 953 1320 augusti.
999 1278 1174 1309 Catelanis
1190 1277 1435 1310 recedentibus
1451 1279 1494 1309 de
1510 1277 1675 1309 Maiolica
1692 1287 1769 1308 cum
1785 1287 1835 1308 LII
1853 1275 1973 1318 galeis,

141 1336 174 1361 et
198 1340 221 1360 x
246 1329 390 1361 navibus
413 1330 549 1361 iverunt
572 1330 608 1360 in
633 1329 837 1362 Sardineam
860 1331 905 1361 ad
929 1336 1075 1362 castrum
1101 1331 1225 1367 Castri,
1260 1330 1376 1372 ibique
1400 1332 1606 1362 invenerunt
1637 1339 1686 1360 xx
1713 1329 1821 1372 galias
1853 1328 1974 1360 Vene-

76 1384 117 1415 20
143 1389 266 1421 torum,
290 1389 324 1415 et
347 1383 507 1414 associati
531 1389 609 1414 sunt
632 1383 785 1418 insimul:
810 1383 998 1414 Ianuenses
1023 1394 1101 1415 cum
1124 1394 1201 1415 Lvn
1224 1383 1325 1426 galiis
1349 1390 1446 1415 erant
1469 1384 1502 1414 in
1520 1382 1662 1415 Corsica
1679 1383 1714 1414 in
1730 1383 1846 1414 Insula
1862 1382 1973 1413 sancti

139 1435 245 1474 Petri,
269 1442 303 1467 et
325 1436 505 1467 audientes
530 1435 573 1466 de
595 1435 696 1477 galiis
720 1435 970 1467 Katelanorum
994 1442 1059 1468 ete.
1085 1436 1310 1468 existentibus
1332 1437 1376 1468 ad
1401 1436 1531 1468 dictum
1564 1436 1734 1473 Castrum,
1758 1435 1868 1467 secuti
1893 1440 1971 1466 sunt

139 1500 208 1521 eOS.
254 1489 355 1521 Tunc
378 1488 521 1520 Venetis
546 1494 580 1520 et
603 1488 779 1520 Catelanis
802 1489 1023 1520 audientibus
1047 1489 1090 1520 de
1113 1490 1254 1521 istorum
1286 1490 1450 1527 adventu,
1489 1495 1658 1521 venerunt
1689 1488 1824 1520 obviam
1849 1489 1908 1525 eis,
1940 1494 1972 1519 et

137 1543 310 1573 irruerunt
334 1541 467 1573 insimul
491 1541 525 1572 in
550 1541 663 1582 eapite
688 1541 816 1573 Calche
841 1542 933 1583 apud
956 1542 1131 1583 Ligeriam
1147 1542 1169 1579 ²,
1193 1548 1227 1574 et
1252 1542 1340 1574 inter
1370 1549 1486 1583 partes
1518 1543 1734 1574 commissum
1765 1548 1816 1573 est
1847 1541 1974 1572 bellum

140 1596 295 1633 crudele,
318 1601 353 1627 et
375 1595 470 1627 multi
494 1606 537 1626 ex
559 1595 609 1626 eis
634 1595 757 1626 mortui
781 1602 868 1633 sunt,
893 1602 1006 1627 tamen
1031 1596 1156 1628 Veneti
1189 1606 1265 1627 cum
1297 1597 1473 1629 Catelanis
1503 1601 1754 1637 superaverunt
1785 1595 1972 1638 januenses

77 1647 118 1680 25
143 1655 176 1680 et
201 1648 352 1680 conflicti
376 1649 516 1680 fuerunt
539 1654 604 1680 etc.

225 1701 359 1733 Eodem
381 1701 560 1732 millesimo
584 1708 618 1733 et
635 1701 703 1740 die,
727 1702 770 1733 de
794 1709 908 1739 nocte,
933 1702 1020 1743 pluit
1042 1704 1176 1745 grando
1193 1713 1319 1744 crossa,
1336 1713 1402 1745 que
1419 1703 1582 1744 ponderis
1599 1708 1673 1734 erat
1689 1702 1831 1744 quilibet
1847 1712 1973 1744 granus

137 1754 241 1786 libras
264 1764 298 1792 x,
320 1764 373 1785 ΧΠ
397 1760 431 1786 et
456 1754 558 1786 libras
582 1764 661 1786 xr111
685 1755 719 1786 in
745 1755 926 1792 Cremona,
951 1762 984 1787 et
1008 1756 1137 1788 occidit
1159 1756 1283 1788 multas
1306 1756 1432 1788 bestias
1449 1762 1482 1788 et
1497 1756 1680 1797 derupavit
1695 1756 1816 1786 multas
1833 1753 1974 1786 domus.'

225 1807 358 1839 Eodem
388 1807 581 1845 millesimo,
613 1808 671 1838 die
700 1807 790 1850 jovis
821 1809 859 1839 v⁰
890 1810 1016 1840 mensis
1045 1809 1256 1850 septembris.
1303 1810 1467 1841 Dominus
1497 1808 1782 1841 Aldrovandinus
1813 1808 1965 1839 marchio
2053 1823 2072 1836 c.
2090 1822 2149 1839 mr

136 1862 280 1893 estensis
305 1867 382 1898 etc„
407 1870 486 1891 cum
510 1861 656 1892 maximo
681 1861 837 1892 exercitu
861 1866 1082 1903 equestrium,
1100 1868 1134 1893 et
1157 1861 1313 1904 peditum
1336 1863 1481 1906 ingressi
1505 1867 1582 1894 sunt
1607 1862 1699 1893 circa
1723 1867 1871 1893 castrum
1895 1860 1971 1891 Ma-

73 1915 114 1945 30
139 1914 225 1946 derii
247 1915 283 1945 in
309 1913 500 1952 obsidione,
524 1919 558 1945 et
582 1913 709 1946 ibidem
734 1915 880 1946 accessit
904 1915 1043 1956 quidam
1067 1915 1248 1946 familiaris
1273 1916 1402 1947 domini
1427 1916 1529 1948 Canis
1553 1916 1596 1947 de
1635 1915 1668 1946 la
1701 1914 1814 1952 Scala,
1846 1914 1903 1955 qui
1928 1914 1971 1944 de

136 1967 337 2008 volunptate
362 1967 491 1998 domini
516 1967 729 1999 Marchionis
752 1967 890 1999 intravit
921 1974 1068 2000 castrum
1100 1969 1303 2009 predictum,
1334 1975 1368 2000 et
1399 1969 1560 2010 apposuit
1591 1978 1694 2008 super
1724 1968 1808 1998 turri
1831 1967 1965 2009 signum

138 2020 267 2051 domini
291 2020 405 2061 Canis,
429 2020 520 2062 quod
544 2030 621 2051 cum
646 2020 804 2051 dominus
828 2019 986 2052 Marchio
1009 2021 1107 2058 vidit,
1132 2028 1274 2062 propter
1296 2022 1522 2053 reverentiam
1549 2022 1680 2053 domini
1705 2020 1820 2058 Canis,
1851 2029 1972 2060 perso-

138 2072 261 2105 naliter
283 2073 366 2104 inde
389 2072 545 2111 recessit,
568 2079 602 2104 et
625 2073 752 2104 redivit
776 2073 981 2111 Ferrariam,
1004 2080 1118 2105 tamen
1142 2075 1189 2106 ibi
1212 2075 1307 2106 circa
1330 2080 1479 2107 castrum
1505 2074 1637 2106 dimixit
1660 2080 1780 2115 gentes
1803 2083 1894 2104 suas.

226 2126 359 2157 Eodem
375 2126 564 2164 millesimo,
582 2125 638 2157 die
656 2127 721 2157 νΠ0
737 2127 862 2158 mensis
877 2127 1090 2168 septembris.
1122 2128 1288 2159 Dominus
1305 2128 1448 2170 Egidius
1467 2127 1654 2158 kardinalis
1671 2133 1705 2157 et
1723 2126 1856 2168 legatus
1873 2132 1972 2157 ante-

74 2179 115 2209 35
140 2179 251 2210 dictus
266 2179 360 2210 venit
376 2179 612 2211 Mediolanum
629 2179 763 2211 obviam
782 2180 837 2211 cui
853 2180 999 2223 ingressi
1015 2187 1093 2212 sunt
1110 2181 1265 2212 dominus
1282 2181 1460 2213 Bernabos
1476 2187 1509 2211 et
1526 2180 1685 2211 dominus
1702 2179 1832 2219 Galeac
1848 2178 1972 2209 fratres

139 2237 173 2262 et
196 2237 338 2273 nepotes
362 2232 491 2263 domini
514 2231 780 2273 Archiepiscopi
803 2233 1070 2265 mediolanensis
1094 2244 1170 2265 cum
1186 2234 1301 2264 multis
1319 2234 1391 2264 aliis
1408 2232 1592 2269 nobilibus,
1609 2239 1642 2263 et
1657 2233 1767 2274 ipsum
1792 2230 1973 2262 conduxe-

138 2289 215 2315 runt
240 2284 414 2316 civitatem
440 2284 638 2322 Mediolani,
661 2285 718 2317 ubi
742 2295 806 2326 per
829 2286 1004 2317 dominum
1029 2286 1343 2328 Archi-episcopum
1368 2287 1556 2317 honoratus
1581 2285 1647 2315 fuit
1678 2283 1882 2315 mirabiliter
1905 2289 1971 2314 etc.

227 2337 360 2369 Eodem
384 2337 574 2374 millesimo,
587 2338 642 2369 die
657 2338 775 2369 xxv11⁰
792 2339 918 2370 mensis
935 2339 1149 2380 septembris.
1188 2339 1355 2370 Dominus
1371 2339 1598 2370 Petroccinus
1614 2337 1798 2378 episcopus
1815 2335 1972 2367 torzella-

139 2401 200 2421 nus
216 2396 249 2421 et
265 2400 381 2422 comes
396 2390 661 2427 Romandi01e³‚
685 2391 778 2422 venit
800 2391 993 2423 Ferrariam
1019 2392 1063 2423 ad
1087 2392 1336 2433 parlamentum
1362 2401 1438 2422 cum
1464 2391 1604 2423 domino
1628 2390 1831 2422 Marchione
1855 2394 1921 2420 ete.
1941 2394 1973 2420 et

73 2444 114 2474 40
139 2443 197 2475 die
220 2443 340 2475 ultimo
364 2443 449 2475 dicti
472 2444 600 2475 mensis
624 2444 770 2475 recessit
793 2444 837 2475 de
862 2445 1030 2482 Ferraria,
1057 2450 1091 2476 et
1114 2445 1177 2476 ivit
1200 2444 1401 2487 Bononiam,
1426 2443 1552 2475 deinde
1576 2443 1748 2475 Ymolam.

234 2589 254 2606 1.
274 2583 473 2606 necessitatum
494 2583 606 2607 BMun.
626 2597 657 2600 —
678 2589 730 2614 4-5.
750 2583 824 2614 quod
845 2583 933 2607 nichil
954 2581 1107 2615 acquirere}
1125 2583 1200 2614 quod
1222 2583 1367 2613 acquirere
1389 2583 1425 2607 B:
1450 2582 1517 2613 quid
1539 2581 1663 2606 accidere
1690 2582 1767 2605 MUR.
1788 2594 1820 2598 —
1841 2588 1864 2613 7.
1880 2582 1973 2610 prima

143 2625 173 2648 di
190 2625 338 2648 Mantuani
359 2626 386 2648 in
404 2625 429 2648 Α
449 2626 495 2648 dn.
515 2627 624 2649 cancell.
644 2633 689 2649 con
709 2634 741 2648 un
760 2626 838 2657 rigm
859 2626 968 2650 domini
992 2626 1105 2650 BMUR.
1126 2639 1158 2642 —
1180 2631 1220 2649 12.
1242 2625 1320 2648 dicto
1340 2633 1387 2648 om.
1410 2625 1523 2649 BMUR.
1550 2638 1581 2641 —-
1611 2631 1649 2655 15.
1676 2625 1767 2647 occidi
1788 2631 1836 2647 eos
1858 2623 1970 2647 BMUR.

145 2681 175 2684 -—
199 2665 237 2690 18.
258 2665 390 2690 Catelani
409 2667 567 2690 recedentes
587 2667 664 2690 MUR.
685 2680 717 2683 —
737 2673 778 2690 22.
798 2666 900 2690 Veneti
921 2668 947 2690 et
967 2666 1112 2691 Catellani
1132 2667 1277 2690 audientes
1298 2667 1375 2690 Mun.
1391 2680 1422 2682 —
1437 2672 1479 2698 23.
1493 2667 1558 2696 dopo
1572 2667 1677 2690 bellum
1692 2667 1718 2689 iu
1734 2666 1756 2689 A
1771 2666 1843 2689 cred.
1863 2667 1971 2688 cancell.

143 2717 187 2732 con
207 2717 239 2731 un
258 2709 321 2740 ruga-o
342 2721 372 2727 -
393 2707 434 2732 26.
454 2709 607 2732 millesimo
628 2711 655 2732 et
674 2717 721 2733 om.
742 2709 819 2735 Mun.
842 2722 850 2726 -
870 2710 936 2739 dopo
956 2709 1031 2740 pluit
1051 2709 1078 2732 in
1098 2709 1121 2732 Α
1142 2710 1228 2741 pestis
1248 2710 1356 2732 cancell.
1371 2717 1417 2732 con
1431 2717 1463 2731 ιιη
1478 2709 1540 2739 rigo
1555 2721 1587 2726 —
1603 2715 1642 2739 29.
1657 2708 1720 2740 ped.
1739 2708 1778 2732 A:
1800 2707 1971 2739 pedestrium

99 2755 112 2781 5
145 2750 222 2774 Mun.
245 2763 275 2767 —-
296 2757 337 2782 30.
358 2750 470 2782 quidem
491 2751 552 2774 AB

230 2850 237 2866 ¹
258 2850 436 2882 Castagnaro
456 2859 471 2874 a
491 2857 523 2882 55
545 2852 594 2876 kil.
615 2853 649 2876 da
669 2852 792 2876 Verona.
1084 2858 1164 2884 1092;
1184 2858 1212 2876 v.
1230 2851 1317 2875 anche
1336 2851 1466 2880 CANALE‚
1485 2852 1579 2876 storia
1601 2852 1673 2875 della
1695 2851 1861 2881 Repubblica
1876 2851 1906 2874 di
1920 2850 1970 2873 Ge-

227 2891 238 2908 ²
251 2894 394 2925 Battaglia
409 2894 509 2917 navale
523 2894 551 2917 di
566 2894 669 2918 Loiera
683 2893 728 2924 (28
743 2895 843 2925 agosto
857 2892 933 2925 1353)
945 2894 1025 2917 vinta
1082 2903 1160 2924 nova,
1179 2894 1227 2917 III.

142 2935 186 2958 dai
205 2935 357 2959 Veneziani
379 2935 509 2959 condotti
532 2936 566 2958 da
586 2935 706 2959 Niccolo
727 2935 823 2959 Pisani
844 2943 858 2958 e
877 2936 921 2958 dai
943 2934 1026 2959 Cata·
1166 2934 1178 2950 ³
1198 2936 1389 2959 “Petroeinus
1409 2935 1559 2959 Casalesco
1580 2936 1664 2959 abbas
1684 2943 1759 2959 mon.
1781 2943 1800 2959 s.
1821 2934 1918 2966 Gypr„
1933 2934 1966 2957 O.

142 2977 202 3000 lani
219 2984 274 3000 con
295 2985 309 3000 a
323 2984 392 3008 capo
407 2975 610 3008 l’arnmiraglio
631 2977 774 3000 Ber-nardo
789 2977 821 3000 de
834 2977 966 3002 Cabrera.
993 2977 1026 3001 G.
1084 2977 1135 3000 α5,
1156 2978 1184 3000 Β.
1203 2977 1277 3000 dioc.
1297 2977 1428 3004 Torcell„
1453 2977 1626 3000 decretorum
1647 2977 1746 3000 doctor
1760 2994 1783 3005 ,..
1810 2976 1914 3002 Emer,
1929 2980 1970 3005 op.

86 3025 116 3041 10
142 3018 252 3042 STELLA
272 3019 309 3047 F„
330 3019 446 3042 Annales
470 3020 619 3042 (r'euucnses
646 3020 674 3042 in
702 3020 765 3043 RR.
796 3020 832 3042 ll.
854 3019 913 3048 SS„
938 3019 1027 3047 XVII,
1082 3019 1136 3046 cil„
1156 3026 1182 3049 p.
1203 3017 1260 3050 516.
2002 3022 2029 3047 15
