2360 3603
83 855 120 885 10

85 1118 121 1149 15

79 1382 120 1412 20

147 258 197 291 [A.
219 259 312 290 1345]
776 250 1081 286 CHRONICON
1115 250 1341 286 ESTENSE
1896 249 1964 284 133

147 387 214 412 tres
231 380 301 412 dies
316 386 506 422 sequentes,
525 380 653 412 civibus
671 380 895 423 congregatis,
912 380 1053 412 viriliter
1070 380 1291 411 adcesserunt
1307 385 1452 411 castrum
1468 379 1529 411 sub
1546 379 1642 411 dicto
1658 379 1794 417 vexillo,
1813 387 1845 410 et
1862 389 1967 420 expu-

145 439 289 475 gnantes
311 433 409 469 illud,
433 433 646 473 aplicuerunt
669 440 795 474 portas,
819 434 1030 474 adponentes
1053 434 1087 463 in
1111 433 1159 463 eis
1188 433 1315 474 ignem:
1340 439 1452 463 tamen
1477 432 1683 464 habitatores
1707 432 1805 464 castri
1831 431 1967 472 prodic-

147 493 237 518 tores
268 486 411 517 viriliter
441 496 476 516 se
510 485 752 522 defenderunt3
785 496 890 528 quare
921 486 1067 526 populus
1098 496 1254 517 reversus
1286 492 1334 517 est
1366 486 1546 523 civitatem,
1578 485 1692 527 ibique
1724 485 1968 516 ordinaverunt

147 539 305 570 nuncium
330 538 500 570 destinare
524 545 679 576 castrum,
705 549 764 569 seu
787 539 1037 570 ambaxiatores
1054 539 1097 570 ad
1114 538 1266 580 reginam
1291 538 1516 570 meretricem.
1562 539 1661 569 Tunc
1679 537 1840 568 miserunt
1864 536 1968 568 comi-

146 599 213 623 tem
237 592 430 629 Novellum,
460 592 617 623 comitem
649 591 766 623 Sancti
796 591 952 623 Severini
984 598 1017 622 et
1040 590 1287 622 Admiralium¹
1313 597 1466 631 petentes
1490 590 1532 622 ab
1564 601 1604 622 ea
1636 591 1865 631 prodictores;
1900 600 1966 631 que

145 645 265 686 regina
286 644 464 684 respondit
491 644 583 685 quod
614 644 718 675 nichil
742 644 859 675 facere
892 643 1105 680 intendebat3
1138 650 1171 674 et
1203 644 1347 674 detineri
1377 644 1461 675 fecit
1493 643 1604 675 dictos
1635 643 1882 674 ambaxiatores
1906 652 1968 683 per

145 703 212 728 tres
235 695 323 732 dies;
348 706 454 738 quare
482 697 574 727 cives
605 696 858 728 admirabantur
889 702 921 728 et
945 696 1107 727 timebant
1138 695 1181 726 de
1212 696 1363 736 ipsorum
1395 697 1559 736 personis.
1607 695 1724 732 Quare
1755 695 1874 726 iterum
1907 705 1969 735 per

144 749 229 780 alios
252 748 498 780 ambaxiatores
522 749 691 789 petierunt
716 749 758 779 ad
783 758 823 780 ea
846 748 1076 789 prodictores;
1102 748 1202 779 etiam
1228 748 1422 779 direxerunt
1445 748 1580 780 lieteras
1610 747 1683 779 aliis
1715 747 1830 788 primis
1854 746 1968 778 amba-

143 801 338 838 xiatoribus,
363 801 455 842 quod
479 811 594 832 eorum
618 810 716 841 posse
748 807 980 841 operarentur,
1005 801 1097 842 quod
1120 801 1239 844 regina
1262 801 1412 832 traderet
1437 800 1483 831 eis
1508 801 1734 841 prodictores:
1759 805 1793 831 et
1822 800 1872 830 sic
1902 801 1969 830 hoe

144 865 211 886 non
238 859 472 894 procurarent,
497 854 590 895 quod
612 854 705 894 ipsos
728 853 934 894 reputabunt
956 853 1110 885 inimicos
1135 853 1261 893 pariter
1279 863 1354 884 cum
1378 853 1454 884 aliis
1471 852 1740 893 prodictoribus3
1765 859 1798 884 et
1821 852 1971 895 assigna-

145 913 266 938 verunt
289 907 353 937 illis
377 907 495 947 primis
519 906 806 938 ambaxiatoribus
830 906 1006 937 terminum
1029 916 1135 948 usque
1167 906 1211 937 ad
1242 906 1341 937 alium
1373 906 1473 937 diem.
1519 906 1683 947 Receptis
1713 906 1812 948 igitur
1842 905 1971 937 licteris

146 959 278 996 civium,
302 959 496 990 immediate
522 958 603 990 dicti
627 958 725 999 primi
748 958 996 990 ambaxiatores
1013 959 1232 990 adcesserunt
1254 959 1425 1001 Reginam
1450 965 1483 989 et
1505 959 1628 990 iterum
1652 958 1835 990 humilibus
1858 958 1971 989 verbis

145 1018 179 1044 et
202 1012 358 1043 dulcibus
381 1011 592 1043 sermonibus
615 1012 785 1052 petierunt
809 1022 850 1043 ex
873 1017 968 1052 parte
1002 1011 1124 1042 civium
1155 1012 1386 1051 prodictores3
1421 1011 1546 1043 deinde
1577 1011 1752 1042 licentiam
1783 1010 1970 1042 recedendi

147 1065 329 1097 civitatem.
376 1065 514 1107 Regina
537 1064 723 1105 respondit,
748 1063 840 1107 quod
862 1064 969 1096 nichil
993 1065 1111 1095 facere
1143 1063 1342 1095 intendebat
1372 1065 1451 1102 hoc,
1475 1064 1549 1095 dari
1577 1064 1801 1105 prodictores.
1847 1063 1971 1095 Comes

147 1118 321 1156 Novellus,
345 1118 462 1149 volens
485 1118 661 1154 recedere,
686 1128 754 1149 non
779 1117 888 1158 potuit
912 1123 1052 1158 propter
1073 1117 1252 1148 maximam
1276 1117 1465 1149 custodiam
1489 1117 1580 1148 circa
1602 1118 1728 1158 ipsum3
1754 1116 1811 1148 alii
1827 1117 1894 1148 duo
1917 1126 1971 1147 re-

146 1176 341 1202 manserunt
365 1181 442 1202 cum
464 1170 591 1213 regina,
615 1176 775 1213 rogantes
798 1170 903 1211 ipsam
922 1170 1014 1212 quod
1038 1170 1087 1201 eis
1111 1170 1318 1201 concederet
1340 1170 1564 1211 prodictores‚
1588 1180 1630 1200 ne
1654 1169 1820 1210 Princeps
1843 1175 1877 1200 et
1892 1169 1971 1200 Dux

144 1224 375 1260 turbarentur:
401 1233 466 1264 que
489 1222 667 1263 respondit
689 1223 906 1265 Admyralio:
943 1222 972 1253 O
1002 1223 1116 1262 amice,
1145 1225 1293 1265 propter
1305 1222 1516 1264 fidelzffitem,
1548 1234 1647 1264 quam
1676 1225 1808 1264 semper
1834 1222 1975 1264 gessisti

146 1275 273 1307 Corone
297 1280 416 1315 nostre,
441 1280 473 1306 et
496 1279 606 1306 nostre
629 1275 762 1315 domuz';
784 1275 931 1317 possides
955 1279 1082 1306 tcmtum
1105 1275 1269 1316 honorem,
1287 1279 1445 1316 quantum
1468 1275 1582 1316 kabes;
1605 1285 1690 1305 nunc
1720 1275 1852 1306 consule
1878 1275 1970 1315 mz'lzi,

144 1329 223 1370 quia
246 1331 377 1370 tempus
401 1332 457 1359 cst.
504 1327 699 1359 Admiraius
723 1327 901 1368 respondit
932 1327 1024 1369 quod
1055 1327 1118 1359 sibi
1142 1326 1341 1358 consulebat
1365 1337 1427 1368 pro
1459 1327 1592 1358 meliori
1625 1326 1771 1359 concedi
1793 1327 1971 1368 prodicto—

143 1392 208 1412 res.
254 1381 353 1412 Tunc
377 1380 497 1423 regina
521 1381 665 1412 credens
700 1380 842 1411 consilio
878 1391 937 1412 suo
969 1381 1138 1412 concessit
1162 1379 1351 1422 Admirayo
1387 1385 1420 1410 et
1450 1379 1574 1411 Comiti
1609 1379 1719 1411 dictos
1748 1380 1972 1420 prodictores,

121 1434 296 1475 'exceptis
331 1433 455 1465 Carolo
486 1432 632 1464 Artuxio
664 1439 697 1464 et
727 1432 876 1464 Beltram
909 1432 979 1464 eius
1010 1433 1090 1464 filio.
1136 1432 1238 1464 Tunc
1268 1431 1465 1463 Admiraius
1496 1438 1530 1463 et
1560 1432 1683 1464 Comes
1713 1433 1973 1474 assignaverunt

80 1644 121 1676 25

81 1911 122 1941 30

84 2172 124 2204 :35

85 2438 126 2468 40

145 1492 178 1517 et
200 1485 565 1517 recommendaverunt
589 1485 700 1517 dictos
724 1485 938 1525 prodictores
966 1485 1079 1516 comiti
1110 1485 1257 1517 Novello
1289 1491 1413 1516 mastro
1444 1484 1630 1527 iusticerio‚
1654 1491 1687 1516 et
1710 1485 1867 1517 fecerunt
1891 1495 1973 1526 ape-

144 1539 201 1570 riri
224 1545 341 1580 portas
365 1549 385 1569 a
407 1538 513 1570 latere
538 1538 655 1575 maris;
681 1538 797 1580 ibique
822 1545 919 1570 erant
942 1539 1009 1570 due
1032 1538 1121 1581 galie
1151 1544 1344 1580 preparate,
1368 1538 1401 1569 in
1425 1538 1547 1580 quibus
1577 1538 1738 1570 miserunt
1761 1538 1870 1570 dictos
1893 1548 1972 1580 pro-

145 1592 301 1629 dictores,
326 1597 359 1623 et
382 1591 544 1622 miserunt
567 1591 723 1623 Castrum
755 1591 798 1623 de
829 1592 935 1623 Lovo.
983 1591 1196 1624 Castellanus
1226 1591 1334 1622 noluit
1357 1591 1448 1632 ipsos
1474 1591 1592 1632 recipi,
1617 1591 1696 1634 quia
1726 1601 1794 1622 non
1826 1597 1899 1622 erat
1929 1591 1973 1622 de

146 1651 310 1686 precepto
335 1644 481 1687 Regine.
527 1644 628 1675 Tunc
651 1645 827 1676 redierunt
858 1645 892 1674 in
923 1645 1006 1675 mari
1030 1654 1106 1676 cum
1130 1644 1179 1675 eis
1204 1644 1321 1686 captis,
1349 1650 1383 1675 et
1414 1644 1576 1687 flagellari
1612 1645 1770 1676 fecerunt
1801 1644 1972 1676 dominam

145 1698 295 1742 Cancam
319 1698 363 1728 ad
387 1697 543 1728 arborem
567 1697 665 1739 galie,
691 1708 756 1739 que
782 1698 940 1728 confessa
964 1697 1027 1728 fuit
1050 1697 1187 1729 modum
1211 1707 1312 1739 quem
1335 1697 1443 1728 tenuit
1466 1697 1621 1728 dominus
1636 1697 1871 1739 Raymundus.
1918 1697 1973 1728 In-

146 1751 331 1782 continenti
354 1749 459 1781 incidi
484 1750 642 1781 fecerunt
670 1751 701 1781 ei
734 1756 766 1781 et
791 1750 862 1786 eius
885 1750 994 1781 sorori
1019 1760 1151 1791 pannos
1182 1760 1202 1780 a
1233 1750 1365 1781 cintura
1389 1760 1495 1792 usque
1519 1750 1563 1780 ad
1593 1749 1716 1791 pedes;
1741 1749 1866 1781 deinde
1891 1760 1973 1781 con-

146 1804 313 1834 duxerunt
336 1803 446 1835 dictos
471 1803 681 1843 prodictores
705 1802 738 1833 in
764 1802 958 1834 carceribus
988 1802 1151 1844 principis
1182 1809 1215 1834 et
1246 1802 1352 1834 ducis.
1399 1802 1540 1834 Carolus
1570 1801 1733 1834 Artuxius
1760 1809 1793 1834 et
1824 1801 1973 1834 Beltram

145 1857 217 1887 eius
232 1856 321 1888 filius
337 1856 512 1898 fugierunt
528 1856 682 1887 Castrum
705 1862 820 1887 sancte
845 1855 981 1898 Aghate
993 1855 1016 1893 ²,
1039 1855 1152 1898 ibique
1177 1855 1447 1887 fortificaverunt
1470 1867 1516 1886 se.
1562 1856 1661 1886 Tunc
1679 1855 1839 1895 princeps
1857 1861 1889 1886 et
1905 1856 1975 1886 dux

146 1909 279 1950 bapniri
302 1909 459 1940 fecerunt
483 1909 668 1940 exercitum
694 1915 810 1940 contra
835 1909 963 1940 dictum
989 1915 1146 1947 castrum,
1171 1908 1284 1950 ibique
1308 1908 1442 1939 iverunt
1465 1919 1540 1939 cum
1565 1908 1716 1940 exercitu
1748 1914 1781 1938 et
1812 1907 1974 1939 banderia

145 1962 328 2000 antedicta,
354 1968 387 1992 et
411 1960 698 2003 expugna'verunt
724 1962 878 1993 Castrum
903 1968 1019 1993 sancte
1043 1960 1188 2003 Agathe,
1213 1961 1247 1991 in
1271 1971 1338 2002 quo
1357 1967 1454 1992 erant
1476 1961 1618 1992 Carolus
1642 1960 1806 1992 Artuxius
1831 1966 1864 1992 et
1886 1960 1973 1991 filius

146 2014 227 2051 eius,
251 2013 362 2045 taliter
386 2015 477 2056 quod
502 2014 693 2045 habuerunt
716 2024 773 2045 eos
799 2020 915 2054 captos
938 2013 1065 2050 ambos,
1091 2019 1125 2044 et
1149 2014 1387 2044 conduxerunt
1410 2023 1468 2044 eos
1486 2013 1667 2053 Neapolim
1683 2013 1716 2043 in
1734 2013 1883 2044 fortibus
1900 2023 1974 2044 car-

148 2066 292 2098 ceribus.
338 2067 439 2098 Tunc
463 2067 622 2109 magister
646 2067 768 2098 iustitie
794 2067 1013 2109 detrahynari
1038 2067 1135 2103 fecit,
1160 2065 1284 2097 deinde
1301 2066 1461 2107 suspendi
1486 2066 1572 2097 alios
1595 2066 1817 2106 prodictores,
1841 2066 1972 2097 scilicet

147 2120 305 2152 comitem
330 2120 372 2151 de
397 2120 560 2157 Teerio,
584 2130 741 2162 magnum
767 2120 972 2156 Siscalcum3
998 2120 1168 2150 dominam
1193 2119 1342 2163 Caricam
1366 2119 1449 2150 fecit
1472 2118 1656 2150 comburri.
1701 2119 1849 2150 Karolus
1871 2119 1974 2151 Artu-

149 2173 224 2204 xius
248 2179 282 2204 et
304 2172 390 2203 filius
421 2173 493 2204 eius
523 2173 646 2204 mortui
670 2173 806 2204 fuerunt
831 2172 977 2214 quodam
1012 2182 1145 2204 veneno
1180 2172 1213 2202 in
1238 2171 1432 2203 carceribus
1462 2177 1601 2212 propter
1630 2171 1856 2202 reverentiam
1887 2171 1976 2214 regis

149 2226 295 2257 Roberti
317 2225 368 2256 sui
392 2226 506 2267 patris,
532 2232 565 2256 et
587 2226 708 2267 sepulti
733 2226 777 2257 de
801 2236 888 2257 sero,
933 2225 1012 2257 Alio
1036 2236 1117 2257 vero
1141 2235 1240 2256 mane
1263 2225 1391 2266 reperti
1416 2225 1554 2256 fuerunt
1584 2234 1686 2265 super
1716 2230 1852 2263 terram,
1877 2225 1974 2266 quasi

150 2279 184 2309 in
207 2279 304 2321 signo
320 2278 532 2310 crudelitatis
547 2285 690 2320 propter
712 2278 931 2311 homicidium
948 2278 1162 2310 commissum
1180 2284 1271 2309 terra
1295 2288 1363 2309 non
1379 2278 1540 2309 retineret
1556 2287 1624 2309 eos.
1673 2276 1789 2313 Quare
1812 2277 1974 2319 sus'pensi

150 2332 304 2368 suerum
331 2338 363 2363 et
386 2332 435 2363 sic
460 2331 502 2362 de
533 2332 790 2373 prodictoribns
822 2333 914 2364 facta
945 2338 995 2363 est
1018 2331 1144 2363 iustitia
1176 2331 1329 2367 maxima,
1363 2337 1508 2370 excepta
1530 2330 1648 2372 regina
1660 2330 1681 2367 ³,
1706 2340 1770 2372 que
1794 2340 1975 2371 numquam

150 2384 255 2416 exivit
279 2385 321 2415 de
346 2391 457 2416 castro
481 2384 537 2416 ubi
562 2391 644 2422 erat,
660 2385 857 2427 ibidemque
881 2385 1015 2426 peperit
1038 2384 1141 2415 filium
1158 2384 1352 2415 masculum.
1385 2383 1582 2415 Secundum
1598 2384 1737 2426 vulgare
1755 2383 1902 2425 gentium
1919 2393 1978 2425 ge-

149 2442 269 2468 nuerat
293 2447 336 2468 ex
359 2438 517 2478 predicto
540 2448 622 2479 rege
646 2437 835 2469 Andriaxio
861 2438 930 2469 eius
953 2438 1036 2469 viro.

237 2489 368 2520 Eodem
392 2490 569 2521 millesimo
599 2489 789 2523 CCCXLV
815 2497 848 2522 et
870 2500 985 2522 mense
1016 2490 1226 2531 septembris.
1272 2490 1396 2521 Relata
1419 2495 1495 2520 sunt
1521 2487 1718 2530 supradicta
1740 2498 1829 2520 nova
1859 2488 1977 2520 mortis

150 2543 241 2585 regis
265 2541 442 2574 Andriaxii
465 2543 537 2584 regi
561 2543 739 2575 Ludovico
763 2543 915 2585 Ungarie
938 2544 1011 2574 eius
1035 2543 1148 2574 fratri:
1174 2552 1240 2585 que
1264 2548 1340 2574 cum
1364 2542 1502 2579 audivit,
1527 2540 1644 2572 dolore
1668 2541 1812 2572 maximo
1837 2551 1978 2582 oppres-

242 2670 265 2693 5.
284 2662 424 2694 Severini]
445 2663 578 2687 Suvarini
597 2664 620 2686 Α
633 2665 657 2687 B
676 2678 706 2681 —-
727 2670 752 2695 7.
772 2664 885 2696 iterum]
906 2666 1019 2689 interim
1039 2665 1149 2688 BMUR.
1171 2677 1202 2681 -
1225 2669 1264 2695 17.
1283 2663 1402 2696 gessisti*
1421 2663 1461 2690 A,-
1480 2662 1606 2693 gessistis
1624 2663 1735 2686 BMUR.
1756 2675 1787 2678 ——
1809 2668 1851 2686 20.
1863 2662 1977 2686 credens

153 2712 201 2729 om.
222 2705 333 2729 BMUR.
354 2718 385 2722 —-
406 2710 446 2729 22.
464 2705 612 2736 Iustigerio
632 2707 745 2730 BMUR.
765 2719 796 2722 —
818 2713 860 2738 24.
886 2708 1007 2739 recipere
1032 2715 1098 2731 corr.
1125 2706 1204 2731 Mun.
1230 2719 1262 2723 ——
1288 2712 1329 2736 30.
1355 2707 1453 2729 contra
1476 2712 1522 2728 om.
1548 2704 1606 2727 AB
1631 2716 1662 2720 —
1689 2709 1732 2734 32,
1755 2703 1840 2728 fortis
1863 2704 1921 2727 AB
1945 2717 1977 2721 —

154 2752 195 2777 37.
215 2745 359 2776 retineret]
381 2746 519 2771 retinebat
537 2747 596 2770 AB
616 2761 646 2764 —
668 2754 710 2778 41.
730 2754 838 2771 cccnxv
857 2756 905 2772 om.
925 2749 949 2771 B
968 2749 1046 2773 Mun.
1068 2761 1099 2765 —
1120 2754 1161 2779 42.
1182 2746 1316 2779 maximo]
1339 2747 1472 2770 maximus
1491 2745 1514 2769 A
1527 2745 1552 2768 B

244 2841 250 2857 ¹
269 2843 292 2866 Ι]
312 2842 402 2866 Conte
419 2843 540 2866 Novello
560 2851 606 2867 era
628 2844 783 2868 Bertrando
797 2844 838 2868 del
856 2844 945 2874 Balzo,
959 2846 1042 2868 conte
1183 2843 1194 2858 '⁵
1214 2844 1250 2867 Su
1270 2844 1421 2867 Giovanna
1440 2843 1468 2865 di
1487 2842 1601 2874 Napoli,
1615 2841 1684 2865 oltre
1697 2841 1849 2865 TRISTANO
1863 2840 1977 2864 CARAC-

152 2886 181 2910 di
202 2886 455 2917 Montescaglioso3
481 2887 502 2910 il
522 2888 604 2911 conte
629 2887 659 2911 di
678 2888 732 2911 San
759 2888 891 2912 Severino
916 2895 962 2911 era
987 2888 1043 2911 Ro·
1096 2892 1191 2911 CloLo.
1218 2885 1276 2908 Vita
1295 2892 1341 2908 ecc.
1362 2883 1409 2915 gia
1426 2885 1523 2910 citato,
1543 2892 1567 2906 v.
1588 2884 1617 2907 E.
1638 2883 1791 2910 Leonum»,
1813 2883 1929 2906 Histoire
1947 2882 1978 2904 de

153 2928 242 2956 berto,
261 2934 274 2950 e
294 2927 492 2958 l‘ammiraglio
513 2927 556 2951 del
578 2936 662 2960 regno
682 2935 727 2952 era
748 2929 880 2953 Goffredo
900 2930 1042 2958 Marzano,
1098 2929 1203 2959 Jeanne
1222 2927 1263 2950 [Μ’
1281 2928 1354 2949 rcim·
1373 2927 1403 2948 de
1428 2925 1526 2956 Naples
1551 2928 1666 2948 comtesse
1685 2925 1715 2947 de
1734 2925 1863 2948 Provence
1889 2924 1978 2954 (1343-

153 2971 234 2992 conte
254 2969 283 2992 di
303 2969 446 3000 Squillace.
1095 2969 1171 3000 1382)
1192 2984 1222 2985 j
1243 2969 1279 2992 La
1296 2968 1412 3001 jeuncsse
1432 2968 1462 2990 de
1481 2968 1506 2990 Ia
1525 2968 1597 2990 rein:
1619 2966 1733 2998 Jeanne,
1758 2966 1978 2993 Menace-Paris,

239 3010 248 3024 ²
267 3010 438 3043 Sant'Agata
451 3011 496 3034 dei
508 3011 575 3036 Goti
590 3012 661 3036 nella
677 3013 822 3044 provincia
835 3013 861 3037 di
876 3012 1040 3036 Benevento.
1099 3018 1172 3043 ¹93²·

2009 2891 2039 2908 10

2051 2288 2125 2309 Mun„
2140 2293 2178 2310 424
