2360 3603
111 267 160 302 [Α.
183 269 195 292 1
203 267 275 300 347]
739 255 1051 291 CHRONlCON
1082 252 1311 288 ESTENSE
1868 247 1936 281 153

200 393 329 424 Eodem
353 392 419 429 die,
444 391 620 432 predictus
643 389 799 421 dominus
822 387 994 419 Tribunus
1026 386 1166 428 largitus
1198 390 1249 415 est
1284 383 1469 414 Manfredo
1503 382 1544 413 de
1577 381 1726 413 Corneto
1751 378 1937 410 dominium

111 446 306 488 patrimonii
329 445 437 476 sancti
469 443 573 479 Petri,
605 448 639 474 et
671 441 866 483 designavit
904 440 935 470 ei
971 439 1133 470 vexillum
1165 438 1253 478 signi
1284 436 1408 476 Populi
1438 435 1569 466 romani
1600 440 1634 465 et
1664 433 1769 474 ipsius
1800 431 1939 463 tribuni.

202 498 335 530 Eodem
360 497 427 538 die,
451 497 603 538 prefatus
635 495 790 527 dominus
821 493 995 524 Tribunus
1023 491 1165 533 largitus
1189 496 1238 521 est
1262 489 1404 521 cuilibet
1428 487 1695 519 ambaxiatorum
1725 485 1941 517 existentium

116 562 231 584 coram
255 551 330 593 ipso
353 561 457 582 unum
482 550 630 580 anulum.

74 606 91 637 5
204 605 335 636 Eodem
359 603 548 639 millesimo,
573 602 630 633 die
654 600 765 642 primo
789 598 914 630 mensis
945 598 1090 640 augusti.
1137 596 1302 627 Dominus
1328 606 1388 626 rex
1421 593 1591 626 Francie¹
1624 599 1658 624 et
1689 603 1764 623 cum
1796 591 1942 622 maximo

116 658 269 690 exercitu
293 657 440 688 existens
464 656 557 697 apud
582 654 776 686 Gallexium
790 652 811 689 ²,
829 658 862 683 et
880 651 1082 682 desiderans
1105 650 1261 682 Castrum
1284 648 1409 679 muniri
1433 656 1495 688 per
1516 646 1595 683 vim,
1621 644 1835 677 obviantibus
1859 653 1942 685 gen-

115 711 206 743 tibus
227 710 315 752 regis
339 708 465 751 Anglie
479 708 502 746 ³,
527 709 640 739 dictus
663 717 724 737 rex
748 705 896 736 Francie
920 703 1092 735 ordinavit
1122 702 1213 733 acies
1245 711 1320 732 suas
1353 701 1384 731 in
1417 710 1451 730 vr
1483 706 1607 740 partes.
1654 697 1802 728 Primam
1835 697 1942 727 aciem

117 763 369 797 commendavit
391 762 453 794 sub
477 767 644 803 precepto
662 759 791 791 domini
816 758 920 799 Canis
938 757 981 788 de
1005 756 1143 788 Analdo
1156 755 1177 792 ⁴,
1202 760 1236 785 et
1253 754 1385 786 comitis
1398 752 1543 784 Namuri
1557 755 1567 772 ⁵
1584 762 1660 784 cum
1676 756 1757 782 vmc
1778 749 1944 780 militibus

115 815 349 851 Theotonicis,
381 821 414 846 et
444 815 487 846 de
519 813 670 855 partibus
703 811 844 847 Analdi3
877 808 1061 842 secundam
1087 818 1169 839 vero
1193 807 1254 838 sub
1285 812 1451 848 precepto
1483 805 1626 836 duorum
1658 803 1944 834 marescalcorum

57 871 94 902 10
119 869 248 901 domini
273 868 363 909 regis
386 866 535 898 Francie
560 875 635 896 curn
659 868 741 895 V111C
769 862 933 894 militibus
957 863 1000 893 de
1024 860 1178 902 partibus
1202 859 1364 894 Francie;
1389 858 1524 890 tertiam
1549 857 1610 888 sub
1634 856 1771 887 domino
1794 855 1883 887 duce
1900 855 1942 886 de

118 921 330 954 Normandia
343 924 364 961 ⁶,
383 920 450 951 filio
467 919 566 961 regis,
585 928 661 949 cum
678 922 789 948 xxxvc
809 915 986 949 militibus;
1004 921 1117 945 tamen
1134 913 1187 943 isti
1205 911 1378 943 debebant
1394 911 1567 942 adcedere
1585 910 1629 941 ad
1646 910 1773 940 bellum
1791 908 1944 949 pedites:

116 980 271 1017 quartam
300 973 362 1005 sub
394 973 482 1004 duce
506 972 661 1003 Balbone
686 976 720 1001 et
751 970 839 1001 duce
865 968 1100 999 Athenarum⁷
1125 976 1202 997 cum
1227 975 1253 995 M
1277 963 1460 997 militibusz
1493 963 1645 1006 quintam
1670 962 1733 993 sub
1764 960 1944 992 comitibus

118 1029 220 1061 Lillie
243 1034 277 1059 et
301 1025 525 1068 Armignachi
540 1024 550 1041 ⁸
576 1034 652 1055 cum
677 1028 758 1054 vmc
777 1021 959 1056 militibus;
992 1025 1124 1051 sextam
1147 1018 1287 1050 retinuit
1310 1027 1417 1059 penes
1440 1027 1476 1048 se
1509 1027 1567 1048 rex
1599 1015 1747 1047 Francie
1771 1025 1847 1045 cum
1873 1014 1946 1044 aliis

116 1081 316 1116 baronibus;
340 1079 395 1110 isti
419 1079 506 1110 tales
530 1087 597 1108 non
622 1076 791 1108 accedere
809 1074 983 1106 debebant
998 1074 1033 1103 in
1057 1072 1158 1108 bello,
1177 1077 1228 1102 set
1245 1081 1381 1112 capere,
1399 1070 1559 1101 occidere
1584 1078 1703 1100 omnes
1720 1067 1774 1099 vel
1799 1066 1945 1108 aliquem

58 1133 95 1165 15
119 1134 292 1177 fugientes
315 1143 334 1163 a
357 1136 454 1173 parte
478 1130 629 1172 gentium
652 1128 745 1170 regis
769 1127 928 1169 predicti.

206 1187 338 1218 Eodem
363 1184 551 1220 millesimo,
565 1183 621 1213 die
646 1186 730 1213 11110r
755 1180 899 1222 augusti.
946 1180 1023 1210 Rex
1049 1176 1196 1208 Francie
1221 1177 1398 1217 predictus
1415 1175 1569 1206 existens
1586 1174 1678 1205 circa
1701 1174 1813 1204 locum
1830 1182 1948 1212 supra-

115 1240 255 1275 dictum,
280 1245 314 1270 et
337 1249 405 1269 uon
428 1237 546 1268 valens
570 1245 771 1267 succurrere
803 1233 944 1265 obvians
976 1232 1007 1263 ei
1039 1242 1098 1262 rex
1130 1230 1257 1271 Anglie
1289 1228 1484 1270 segregavit
1515 1227 1558 1258 de
1589 1227 1676 1264 loco,
1708 1226 1767 1257 ubi
1791 1232 1875 1261 erat,
1891 1226 1946 1255 et‘

119 1293 251 1325 dimixit
274 1291 322 1323 ibi
345 1291 469 1322 multos
499 1289 667 1320 arnexiOS.
716 1288 844 1319 Gentes
867 1292 948 1316 tunc
972 1285 1158 1316 existentes
1190 1283 1224 1313 in
1248 1283 1341 1313 dicta
1364 1287 1455 1312 terra
1478 1281 1513 1311 in
1537 1280 1752 1315 defensione,
1777 1279 1944 1314 videntes,

119 1357 160 1378 ne
191 1350 352 1387 poterant
382 1352 581 1375 succursum
612 1341 739 1372 habere
770 1350 789 1370 a
821 1348 902 1380 rege
933 1337 1091 1373 Francie‚
1124 1342 1157 1367 et
1188 1341 1328 1377 propter
1359 1334 1473 1376 plures
1505 1333 1667 1364 terminos
1698 1332 1747 1362 eis
1778 1332 1885 1368 datos,
1917 1336 1949 1361 et

55 1402 96 1432 20
120 1399 294 1441 expiratos
317 1409 336 1429 a
360 1407 439 1438 rege
463 1395 590 1437 Anglie
615 1395 658 1426 ad
682 1392 931 1424 restituendam
955 1391 987 1421 ei
1011 1390 1184 1421 civitatem
1209 1388 1264 1420 vel
1292 1393 1450 1426 castrum,
1479 1392 1511 1417 et
1542 1386 1698 1417 timentes
1725 1385 1768 1416 de
1799 1385 1950 1425 ipsorum

121 1453 201 1488 vita,
227 1451 384 1482 exierunt
407 1448 546 1480 civitate
569 1447 670 1478 nudis
694 1445 853 1487 pedibus,
877 1445 912 1475 in
943 1442 1101 1479 camisiis,
1126 1452 1204 1473 cum
1229 1430 1362 1482 laqueis
1387 1440 1430 1471 ad
1453 1439 1590 1476 collum,
1615 1437 1771 1469 manibus
1795 1436 1951 1479 alligatis,

119 1508 410 1547 prexentaverunt
433 1512 469 1533 se
495 1511 609 1532 coram
640 1509 722 1541 rege
747 1497 885 1540 Anglie‚
917 1496 1111 1538 aperientes
1134 1495 1167 1526 ei
1191 1500 1324 1536 portas3
1358 1499 1391 1524 et
1421 1491 1682 1524 declinaverunt
1718 1496 1848 1532 pontes,
1880 1490 1951 1520 cla-

121 1563 252 1589 mantes
276 1562 310 1587 et
333 1561 491 1597 petentes
514 1552 785 1584 misericordiam
811 1549 947 1582 domino
972 1549 1080 1590 Regi;
1098 1558 1182 1589 quos
1205 1547 1327 1578 videns
1351 1546 1509 1577 dominus
1534 1544 1614 1575 Rex
1637 1544 1794 1585 pepercit
1817 1543 1895 1579 illis,
1919 1548 1952 1572 et

120 1610 267 1643 relexari
293 1609 377 1641 fecit
401 1608 543 1649 aliquos,
569 1612 603 1638 et
626 1606 712 1638 alios
735 1604 878 1636 retineri
902 1603 997 1634 fecit.

60 1665 100 1696 25
212 1663 344 1695 Eodem
368 1661 561 1697 millesimo,
579 1669 627 1690 xv
651 1659 776 1690 mensis
799 1657 944 1698 augusti,
960 1656 995 1686 in
1012 1656 1067 1687 die
1085 1661 1203 1686 sancte
1221 1654 1342 1690 Marie,
1359 1659 1541 1685 coronatus
1557 1652 1624 1682 fuit
1640 1650 1838 1693 magnificus
1855 1650 1953 1680 miles

130 1717 286 1749 dominus
304 1715 490 1747 Niccolaus
513 1713 670 1744 tribunus
692 1721 851 1743 romanus
875 1710 909 1741 in
932 1715 1050 1740 sancta
1067 1708 1179 1739 Maria
1202 1707 1321 1738 maiori
1339 1717 1358 1737 a
1382 1706 1515 1746 Populo
1532 1714 1672 1735 romano
1689 1710 1722 1735 et
1741 1704 1842 1734 cleris
1859 1702 1952 1734 dicte

128 1770 231 1807 urbis,
256 1775 290 1801 et
306 1769 540 1810 imposuerunt
556 1766 587 1797 ei
604 1776 666 1796 sex
683 1774 836 1800 coronas,
854 1763 997 1804 primam
1015 1771 1174 1804 quercus,
1190 1760 1377 1791 secundam
1394 1759 1510 1794 ellere,
1529 1757 1661 1789 tertiam
1678 1756 1837 1793 mortine‚
1854 1766 1950 1797 quar-

127 1829 196 1854 tam
221 1822 318 1858 lauri,
350 1820 502 1863 quintam
534 1819 712 1855 olivarum,
737 1821 866 1848 sextam
892 1815 1037 1858 argenti.
1083 1814 1219 1845 Deinde
1245 1812 1440 1844 obtulerunt
1463 1812 1498 1842 in
1530 1821 1649 1841 manus
1672 1820 1749 1841 suas
1781 1809 1954 1850 quoddam

129 1886 267 1917 pomum
289 1874 471 1906 rotundum
496 1871 631 1914 argenti
657 1881 734 1902 cum
759 1879 862 1900 cruce
888 1869 1044 1909 desuper.
1089 1867 1165 1898 Hiis
1197 1866 1310 1901 factis,
1342 1865 1547 1906 congregari
1578 1863 1662 1894 fecit
1695 1859 1957 1903 parlamentum'

65 1931 106 1962 30
128 1939 231 1970 super
254 1928 404 1969 plateam
427 1932 545 1957 sancte
570 1923 703 1955 Mariae
728 1922 876 1958 maioris,
900 1927 933 1952 et
957 1922 1047 1952 inter
1064 1926 1191 1955 cetera,
1215 1929 1281 1960 que
1309 1918 1381 1959 ipse
1404 1917 1579 1948 Tribunus
1601 1915 1668 1946 fuit
1692 1915 1836 1950 locutus,
1861 1913 1957 1949 dixit,

127 1982 221 2024 quod
245 1980 369 2017 omnia,
394 1990 460 2020 que
477 1979 550 2020 ipse
573 1976 734 2012 habebat,
758 1986 817 2006 seu
840 1973 1047 2015 possidebat,
1071 1973 1237 2003 habuerat
1260 1982 1279 2002 a
1303 1970 1436 2011 Spiritu
1460 1976 1589 2005 sanem,
1613 1974 1647 1999 et
1671 1979 1690 1999 a
1713 1977 1841 1998 summo
1867 1966 1957 1997 Pon-

128 2036 227 2067 tifice.
274 2034 359 2065 Item
384 2032 470 2063 fecit
492 2030 716 2073 preconicari,
740 2028 831 2070 quod
856 2027 966 2058 nullus
987 2037 1048 2057 rex
1071 2027 1125 2057 vel
1149 2025 1313 2066 princeps
1330 2028 1545 2064 presumeret
1562 2020 1721 2056 conduci,
1738 2019 1792 2051 vel
1809 2019 1957 2050 conduci

132 2088 251 2119 facere
277 2086 410 2128 aliquas
433 2090 553 2128 gentes
576 2084 611 2114 in
634 2082 792 2114 districtu
815 2081 931 2112 Ytalie
962 2081 997 2110 in
1029 2078 1220 2121 quantitate
1252 2077 1323 2108 sine
1356 2076 1427 2107 eius
1451 2075 1589 2106 licentia
1613 2079 1646 2105 et
1670 2073 1793 2114 Populi
1817 2071 1958 2109 romani,

133 2140 195 2172 sub
219 2151 309 2182 pena
333 2138 510 2181 dignitatis
533 2135 770 2168 inobedientis.

68 2194 108 2226 35
222 2192 353 2224 Eodem
377 2190 558 2222 millesimo
584 2196 618 2221 et
641 2199 768 2225 mense,
794 2186 968 2219 discordia
991 2185 1138 2217 maxima
1163 2190 1236 2215 erat
1266 2185 1355 2214 iuter
1386 2183 1470 2214 duas
1495 2186 1620 2222 partes,
1645 2180 1778 2211 scilicet
1802 2178 1961 2210 comitem

133 2245 319 2281 Sabaudie,
343 2244 535 2286 principem
561 2243 603 2273 de
623 2243 654 2273 la
671 2241 793 2272 Morea
809 2251 851 2271 ex
866 2250 934 2270 una
952 2244 1061 2281 parte,
1080 2244 1114 2269 et
1131 2237 1303 2268 dominum
1322 2235 1516 2266 Luchinum
1534 2233 1787 2264 vicecomitem
1805 2237 1838 2262 et
1855 2231 1963 2262 domi-

135 2310 214 2330 num
239 2297 473 2329 marchionem
498 2294 732 2327 Montisferati
757 2304 798 2324 ex
822 2293 905 2329 alia;
931 2299 965 2323 et
989 2292 1168 2322 maximam
1193 2299 1351 2332 guerram
1370 2286 1570 2319 obtinebant
1586 2296 1665 2326 pars
1681 2291 1799 2316 contra
1815 2289 1959 2324 partem.

213 2352 358 2388 Tamen,
381 2350 470 2381 sicut
492 2348 621 2390 placuit
645 2347 807 2379 altissimo
831 2346 916 2383 Deo,
933 2344 1122 2376 concordia
1138 2343 1232 2374 facta
1256 2347 1306 2373 est
1329 2342 1418 2372 inter
1439 2350 1497 2371 eos
1520 2339 1579 2370 tali
1605 2337 1722 2369 modo:
1742 2337 1834 2378 quod
1850 2342 1962 2377 partes

132 2405 309 2437 discordes
333 2403 576 2435 commiserunt
599 2411 635 2432 se
660 2401 695 2431 in
718 2400 861 2432 arbitrio
887 2398 1016 2430 domini
1042 2395 1308 2438 Archiepiscopi
1324 2392 1589 2425 mediolanensis
1614 2392 1657 2423 de
1673 2390 1830 2422 omnibus
1846 2399 1962 2420 eorum

226 2529 248 2553 3.
268 2522 494 2545 ambaxiatorum
515 2516 711 2551 existentium]
732 2518 882 2542 ambaxiat.
903 2518 985 2539 exist.
1000 2515 1038 2542 A;
1055 2513 1258 2538 ambaxiatoris
1271 2508 1403 2535 existent.
1420 2512 1454 2539 B·,
1472 2518 1503 2533 ex
1519 2508 1763 2532 ambaxiatoribus
1777 2506 1965 2529 existentibus

139 2566 215 2589 MUR.
242 2578 273 2580 —
298 2571 324 2596 9.
350 2561 479 2594 duorum]
498 2563 681 2585 dominorum
702 2559 814 2583 BMUR.
835 2572 866 2575 —
889 2565 928 2588 14.
948 2557 982 2580 ad
1002 2557 1147 2580 cancellato
1167 2564 1212 2578 can
1233 2563 1265 2577 nn
1292 2555 1352 2584 rigo
1375 2553 1465 2582 prima
1491 2552 1520 2574 di
1544 2551 1573 2574 in
1601 2551 1624 2573 A
1651 2564 1681 2566 —
1711 2548 1748 2572 16.
1776 2549 1964 2580 predictorum

140 2607 285 2631 cancellato
311 2614 355 2629 con
380 2613 412 2628 un
438 2605 499 2635 rr'go
515 2604 607 2633 prima
627 2603 656 2626 di
674 2602 817 2634 predictus
840 2614 870 2617 -
894 2608 932 2631 19·
954 2598 998 2629 ne]
1019 2598 1093 2629 quod
1115 2605 1170 2621 uon
1193 2598 1269 2620 MUR.
1290 2609 1320 2612 —
1343 2602 1383 2618 22.
1398 2596 1454 2625 regi
1470 2594 1493 2617 A
1508 2607 1537 2610 -—
1556 2599 1595 2624 25.
1612 2592 1764 2615 millesimo
1785 2599 1876 2613 manca
1897 2591 1924 2613 in
1943 2589 1967 2612 A

140 2663 173 2666 —
194 2655 236 2679 27.
253 2655 384 2680 guercum
398 2647 422 2670 A
435 2647 460 2670 Β
473 2659 503 2663 --
525 2645 565 2669 28.
585 2646 615 2668 in
636 2652 727 2668 ηιανιεα
748 2644 771 2666 Α
785 2645 810 2667 Β
828 2657 859 2660 —
881 2649 921 2673 29.
941 2642 986 2665 his
1005 2641 1083 2665 MUR.
1103 2653 1135 2657 -
1155 2646 1197 2670 32.
1218 2639 1371 2661 conducere
1391 2636 1468 2660 Mun.
1490 2649 1520 2652 —
1541 2640 1582 2667 35.
1602 2634 1756 2657 millesimo
1776 2634 1803 2656 et
1822 2641 1869 2655 om.
1890 2632 1967 2655 Mun.

95 2699 108 2724 5
142 2704 174 2709 —
193 2697 235 2722 39.
255 2687 486 2718 mediolanensis]
507 2687 663 2711 Mediolan.
682 2687 719 2715 Ας
740 2685 895 2709 Mediolani
916 2684 992 2707 Mna.

227 2777 233 2792 ¹
254 2777 371 2808 Filippo
392 2776 428 2799 VI
448 2776 476 2799 di
499 2776 598 2799 Valois
612 2774 650 2798 d.⁰
672 2774 693 2798 il
713 2774 881 2797 Fortunato.
1164 2768 1174 2784 ⁸
1204 2768 1281 2792 Lilla
1309 2767 1384 2790 nella
1411 2766 1533 2789 Fiandra
1559 2765 1685 2788 francese
1711 2771 1756 2786 era
1783 2763 1912 2793 soggetta
1939 2762 1966 2784 ai

226 2818 237 2834 ²
257 2819 362 2843 Calais.
1077 2811 1165 2835 Conti
1187 2810 1217 2833 di
1237 2809 1370 2836 Fiandra,
1391 2808 1440 2838 poi
1461 2807 1505 2830 nel
1529 2813 1595 2837 1320
1616 2803 1698 2836 passo
1720 2813 1734 2828 a
1756 2805 1799 2827 sar
1824 2806 1904 2835 parte
1923 2803 1967 2825 del

225 2860 235 2876 ³
255 2860 385 2885 Edoardo
405 2859 453 2890 ΙΙΙ,
474 2859 618 2883 Χνίηάεοτ.
1084 2853 1214 2876 dominio
1234 2852 1342 2874 diretto
1362 2850 1406 2873 del
1426 2849 1467 2872 Re
1486 2848 1513 2871 di
1541 2848 1670 2871 Francia.
1709 2846 1800 2870 conte
1820 2846 1850 2869 di
1870 2845 1966 2867 Arma-

226 2903 237 2918 ⁴
258 2902 405 2927 Giovanni
424 2902 454 2925 di
474 2901 606 2924 Hninaut.
1082 2902 1166 2926 gnae,
1189 2893 1295 2925 grande
1320 2893 1416 2915 casata
1444 2891 1518 2914 della
1546 2890 1724 2920 szscogna,
1750 2889 1778 2911 in
1808 2887 1899 2910 allora
1923 2893 1969 2909 era

82 2954 113 2971 10
227 2943 237 2957 ⁵
257 2944 422 2975 Guglielmo
446 2943 465 2966 I.
1081 2936 1231 2959 Giovanni
1251 2934 1263 2958 Ι
1277 2935 1306 2957 di
1327 2933 1470 2957 Bernardo
1486 2932 1670 2962 (1319-1370)·
1708 2930 1753 2953 DE
1768 2930 1832 2952 MAs
1846 2928 1970 2956 Lwrnnz,

228 2985 239 3000 θ
256 2986 402 3010 Giovanni
423 2984 449 3008 ΙΙ
470 2985 489 3007 il
512 2985 623 3007 Buono.
1087 2979 1185 3001 Tresor
1205 2978 1236 3000 de
1261 2975 1435 3005 chronologi:
1456 2982 1515 3001 ecc„
1535 2973 1625 3002 Paris,
1649 2971 1722 3001 1889.

229 3027 239 3043 ⁷
258 3027 404 3052 Giovanni
424 3026 597 3057 d'Aragona.

2018 1283 2083 1301 Mun.
2097 1287 2135 1305 44²

2046 1927 2065 1941 c.
2081 1922 2140 1941 ¹18r
