2360 3603
141 209 222 244 [ΛΑ.
243 212 256 235 1
263 211 358 236 ³494
365 209 436 244 3501
770 202 1078 238 CHRONICON
1108 202 1336 237 ESTENSE
1881 204 1948 242 167

139 334 438 367 Villam-francam
463 345 540 365 cum
563 334 726 371 exercitu,
750 340 784 365 et
814 334 999 367 inmediate
1028 333 1271 376 equitaverunt
1302 334 1346 366 ad
1377 334 1557 375 quemdam
1582 344 1729 375 passum,
1762 345 1822 376 per
1854 345 1954 376 quem

138 387 282 419 transire
308 386 481 418 debebant
504 386 683 418 Mantuani
705 387 739 418 in
765 397 882 418 eorum
901 387 1111 423 reversione;
1137 387 1194 428 qui
1211 387 1388 418 Mantuani
1405 388 1597 423 redeuntes,
1614 393 1733 429 gentes
1750 388 1793 418 de
1818 387 1957 418 Verona

142 439 269 483 agressi
292 445 370 471 sunt
386 449 445 471 eos
468 446 502 471 et
517 439 718 471 occiderunt
741 439 904 471 maiorem
927 445 1058 481 partem
1076 439 1237 480 ipsorum,
1252 439 1355 481 aliqui
1378 439 1535 471 suffocati
1553 445 1641 478 sunt,
1657 445 1689 470 et
1707 440 1763 470 alii
1781 439 1873 480 capti
1890 445 1955 471 etc.

227 492 359 524 Eodem
382 492 571 523 millesimo.
617 492 703 524 Cum
726 493 871 523 maxima
894 491 1067 523 discordia
1091 499 1180 523 esset
1203 493 1294 524 inter
1315 491 1487 523 dominum
1505 492 1718 523 Malatestam
1735 491 1778 523 de
1802 491 1956 523 Arimino

99 546 115 578 5
141 552 174 578 et
196 545 371 578 dominum
393 545 614 577 Franciscum
639 544 682 576 de
707 544 894 576 Ordelaffis
917 551 983 576 etc.
1007 545 1209 582 antedictos,
1226 545 1356 577 domini
1373 545 1526 576 Bononie
1551 545 1802 577 intromiserunt
1817 556 1853 576 se
1870 546 1959 577 inter

140 609 208 636 eos,
232 604 268 630 ut
283 608 350 639 pax
366 598 472 629 fieret.
520 597 597 635 Que
622 604 735 639 partes
751 598 851 630 ambo
868 599 1010 640 ingressi
1034 604 1111 630 sunt
1136 598 1323 630 Bononiam
1348 609 1462 630 coram
1486 598 1651 635 Dominis,
1675 598 1806 630 scilicet
1823 598 1955 640 Jacobo

138 657 172 683 et
196 652 348 683 Iohanne
373 651 520 683 dominis
544 651 711 689 Bononie,
736 652 793 693 qui
818 652 949 692 operati
972 658 1049 683 sunt
1072 651 1196 689 taliter,
1220 651 1313 692 quod
1337 657 1480 693 treugua
1504 652 1598 682 tacta
1623 658 1672 682 est
1695 651 1784 682 inter
1810 651 1897 688 illos,
1922 657 1955 682 et

139 704 183 736 de
206 705 381 736 voluntate
405 704 719 745 compromixerunt
743 715 777 735 se
802 704 836 735 in
867 703 1043 746 predictos
1066 704 1223 735 dominos
1248 704 1399 736 Bononie
1422 704 1466 735 de
1490 704 1686 746 questione'
1712 710 1745 736 et
1768 704 1958 741 discordia,

138 756 308 799 predicta,
333 768 398 798 que
422 762 566 798 treugua
589 755 707 787 durari
737 756 881 788 deberet
912 768 1017 798 usque
1040 756 1085 787 ad
1116 763 1250 798 tempus
1273 767 1314 786 ex
1337 756 1506 787 sententia
1536 756 1653 787 datum
1677 767 1738 797 per
1762 757 1956 788 antedictos

79 811 116 841 10
140 809 295 841 dominos
320 809 489 846 Bononie;
513 816 592 850 post
615 810 680 840 hec
705 815 921 841 recesserunt
944 810 987 840 de
1012 810 1182 848 Bononia,
1205 816 1239 840 et
1262 809 1438 840 redierunt
1461 810 1496 840 in
1520 809 1672 850 partibus
1694 809 1773 840 suis.

227 862 360 895 Eodem
384 862 572 899 millesimo,
597 861 653 893 die
676 862 794 893 xxvn⁰
818 862 942 893 mensis
958 862 1102 904 augusti.
1134 862 1302 893 Dominus
1326 862 1435 904 Obico
1459 862 1613 893 marchio
1637 861 1778 893 estensis
1801 862 1959 893 discessit

139 916 306 953 Ferraria,
332 921 366 947 et
388 916 561 958 ingressus
585 921 635 947 est
658 915 831 947 Veronam
855 914 899 946 ad
922 915 1170 956 parlamentum
1196 925 1272 946 cum
1295 914 1435 946 domino
1461 914 1608 945 Mastino
1633 920 1698 946 etc.

230 968 357 1000 Eodem
382 968 572 1006 millesimo,
590 966 736 999 xxvr111⁰
753 967 898 1010 augusti.
944 967 1110 999 Dominus
1134 967 1349 999 Guillielmus
1371 966 1414 998 de
1439 967 1680 999 Castro-barco
1704 967 1851 999 habebat
1875 978 1960 1008 qua-

140 1028 215 1053 tuor
239 1021 325 1053 filios
349 1021 581 1059 honorabiles,
605 1032 691 1064 quos
714 1027 748 1052 et
771 1021 856 1052 alios
880 1020 972 1052 cives
996 1021 1032 1051 in
1054 1019 1209 1062 partibus
1231 1020 1352 1052 Trenti
1375 1030 1443 1050 non
1466 1019 1554 1051 bene
1578 1019 1828 1061 pertractabat;
1857 1031 1960 1062 quare

79 1074 116 1107 15
139 1074 290 1117 predicti
316 1074 373 1105 filii
390 1074 631 1117 cogitaverunt
647 1074 821 1115 deponere
838 1079 970 1115 patrem
988 1072 1196 1114 predictum;
1215 1079 1249 1104 et
1265 1073 1312 1104 sic
1328 1073 1487 1104 fecerunt
1504 1071 1548 1103 de
1565 1072 1764 1113 volunptate
1781 1072 1960 1104 multorum

142 1129 325 1159 amicorum
350 1138 486 1158 suorum
511 1133 545 1158 et
568 1127 706 1164 civium,
736 1133 856 1158 contra
888 1136 972 1168 quos
999 1125 1184 1158 crudeliter
1214 1137 1249 1157 se
1281 1131 1449 1167 gesserat:
1482 1131 1516 1157 et
1547 1130 1754 1166 acceperunt
1785 1124 1870 1157 dicti
1902 1125 1960 1156 filii

141 1181 409 1212 dominationem
433 1179 582 1212 civitatis
605 1186 639 1212 et
663 1180 804 1211 aliarum
829 1180 1080 1216 fortiliciarum‚
1104 1185 1138 1210 et
1162 1178 1381 1220 expulserunt
1405 1184 1536 1219 patrem
1561 1188 1679 1209 eorum
1702 1184 1767 1209 etc.

227 1232 356 1265 Eodem
379 1233 570 1271 millesimo,
595 1233 651 1264 die
674 1233 806 1264 veneris
829 1242 919 1263 xvnr
943 1232 1067 1263 mensis
1094 1231 1309 1273 septembris,
1333 1232 1375 1262 de
1400 1237 1512 1262 nocte.
1557 1230 1651 1273 Acco
1676 1231 1761 1262 filius
1785 1230 1961 1272 magnifici

141 1286 270 1318 domini
294 1285 421 1317 domini
446 1285 651 1317 marchionis
674 1285 838 1328 Obiconis
863 1285 1004 1316 estensis
1022 1291 1086 1316 etc.
1110 1285 1192 1316 obiit
1208 1284 1243 1315 in
1259 1284 1436 1321 Ferraria,
1461 1290 1495 1315 et
1518 1284 1671 1325 sepultus
1695 1284 1738 1314 ad
1757 1284 1865 1315 locum
1890 1284 1960 1314 fra-

77 1340 117 1370 20
141 1345 228 1371 trum
252 1339 426 1370 Minorum
451 1344 517 1370 etc.

228 1391 359 1423 Eodem
383 1392 573 1427 millesimo,
597 1392 655 1422 die
680 1391 747 1422 xn⁰
770 1391 896 1422 mensis
920 1390 1079 1422 octubris.
1119 1390 1284 1422 Dominus
1300 1389 1454 1421 marchio
1470 1389 1579 1432 Obico
1596 1390 1736 1421 estensis
1751 1389 1812 1421 ivit
1827 1389 1963 1421 Lende-

140 1445 270 1476 nariam
293 1445 338 1476 ad
361 1445 611 1486 parlamentum
642 1455 719 1476 cum
748 1445 889 1476 domino
916 1443 1048 1485 Jacobo
1081 1444 1122 1474 de
1150 1443 1292 1474 Cararia
1322 1443 1461 1474 domino
1493 1443 1621 1480 Padue,
1652 1443 1709 1484 qui
1739 1442 1965 1484 personaliter

141 1497 271 1529 ibidem
293 1498 468 1540 applicuit.

228 1552 361 1583 Eodem
384 1551 575 1587 millesimo,
599 1551 655 1582 die
679 1559 759 1582 x1111
814 1551 938 1582 mensis
962 1550 1123 1582 octubris.
1170 1550 1334 1581 Dominus
1357 1550 1534 1592 Johannes
1558 1549 1600 1580 de
1630 1548 1773 1590 Pepulis
1803 1548 1961 1580 dominus

77 1603 116 1635 25
143 1604 298 1636 Bononie
322 1604 384 1635 ivit
407 1603 643 1636 Mediolanum
677 1613 753 1635 cum
778 1603 972 1635 honorabili
996 1603 1150 1635 sotietate
1174 1603 1218 1634 ad
1242 1603 1491 1644 parlamentum
1514 1612 1590 1633 cum
1623 1601 1761 1634 domino
1788 1602 1960 1643 archiepi-

143 1667 250 1698 scopo
274 1657 467 1688 Mediolani
490 1663 557 1688 etc.

229 1710 362 1741 Eodem
394 1710 587 1747 millesimo,
618 1710 672 1741 die
703 1719 820 1740 xxvm
852 1709 976 1740 mensis
1007 1708 1169 1741 octubris.
1214 1708 1363 1752 Jacobus
1391 1708 1479 1740 filius
1509 1709 1639 1741 domini
1669 1708 1845 1740 Francisci
1876 1718 1963 1739 mar-

141 1762 275 1794 chionis
298 1763 443 1794 estensis
466 1763 552 1794 obiit
575 1762 609 1793 in
634 1763 802 1800 Ferraria,
827 1768 862 1794 et
884 1762 1036 1803 sepultus
1060 1763 1103 1793 ad
1126 1762 1239 1794 locum
1265 1763 1407 1793 fratrum
1432 1761 1692 1793 predicatorum
1716 1767 1780 1792 etc.

230 1816 363 1847 Eodem
387 1816 577 1852 millesimo,
596 1815 652 1848 die
668 1816 786 1847 ultimo
803 1816 929 1847 mensis
944 1815 1149 1848 novembris.
1187 1815 1353 1846 Dominus
1369 1815 1542 1857 Johannes
1559 1815 1601 1846 de
1619 1813 1760 1856 Pepulis
1784 1814 1826 1846 de
1851 1813 1963 1846 Bono-

79 1868 120 1900 30
144 1868 202 1900 nia
225 1869 318 1899 venit
342 1869 532 1901 Ferrariam
556 1868 600 1900 ad
624 1868 874 1910 parlamentum
899 1879 976 1899 cum
1001 1869 1141 1900 domino
1164 1868 1362 1899 marchione
1388 1867 1542 1910 Obicone
1566 1872 1632 1898 etc.

230 1922 364 1953 Eodem
388 1921 578 1959 millesimo,
602 1923 645 1953 de
669 1932 784 1952 mense
808 1921 1012 1953 decembris.
1036 1921 1201 1952 Dominus
1218 1921 1371 1953 marchio
1389 1920 1637 1952 Montisferrati
1654 1920 1746 1951 venit
1762 1919 1965 1951 Ferrariam.

230 1974 364 2006 Eodem
388 1974 568 2005 millesimo
592 1981 626 2006 et
649 1984 774 2006 mense.
820 1974 985 2005 Dominus
1009 1974 1202 2016 Episcopus
1223 1973 1422 2005 veronensis
1438 1974 1446 1989 ²
1472 1974 1513 2004 de
1538 1973 1699 2004 mandato
1723 1972 1853 2004 domini
1876 1982 1964 2013 pape

143 2027 343 2060 Clementis'
368 2027 457 2059 sexti
489 2028 584 2059 venit
606 2027 800 2059 Ferrariam
824 2027 870 2059 ad
900 2027 1129 2059 ordinandum
1161 2037 1238 2058 cum
1262 2026 1401 2058 domino
1425 2026 1623 2058 marchione
1647 2025 1801 2067 Obipone
1830 2030 1863 2056 et
1886 2025 1962 2056 aliis

146 2080 293 2112 dominis
316 2085 350 2111 et
374 2080 577 2112 comunibus
601 2081 643 2112 de
666 2080 813 2112 maximo
838 2080 993 2122 perdono
1018 2086 1051 2111 et
1074 2079 1290 2123 indulgentia
1313 2079 1347 2110 in
1371 2079 1514 2111 civitate
1538 2078 1660 2110 Rome.

763 1549 791 1564 01

82 2211 123 2244 35
973 2211 1145 2244 MCCCL.

233 2300 399 2331 Dominus
423 2311 513 2342 papa
536 2300 694 2332 Clemens
719 2306 832 2332 sextus
849 2300 1022 2332 concessit
1037 2299 1285 2342 indulgentiam
1303 2306 1336 2330 et
1348 2298 1582 2330 remissionem
1600 2297 1756 2329 omnibus
1772 2308 1852 2329 vere
1869 2298 1964 2339 peni-

144 2353 292 2385 tentibus
317 2359 350 2384 et
374 2353 554 2389 confessis,
579 2354 737 2385 euntibus
764 2354 910 2386 Romam
936 2354 979 2384 ad
1003 2353 1210 2384 visitandum
1227 2352 1459 2384 sanctissimas
1483 2351 1648 2383 ecclesias
1669 2350 1843 2382 beatorum
1860 2360 1967 2392 appo-

144 2406 309 2437 stolorum
326 2405 421 2437 Petri
437 2412 470 2437 et
487 2405 585 2436 Pauli
602 2411 636 2436 et
652 2406 719 2437 alia
736 2406 862 2438 devota
878 2407 970 2442 loca;
988 2404 1183 2437 forensibus
1200 2414 1291 2441 vero,
1308 2404 1365 2446 qui
1381 2409 1583 2435 exercerent
1600 2403 1667 2435 tale
1684 2403 1748 2435 iter
1773 2412 1820 2434 xv
1837 2402 1968 2441 diebus,

147 2464 182 2490 et
205 2458 338 2490 civibus
353 2458 505 2490 romanis
522 2467 596 2489 xxx
613 2458 734 2490 diebus
750 2459 900 2490 omnium
917 2464 1138 2500 peccatorum
1152 2468 1287 2489 suorum
1304 2463 1373 2489 etc.
1391 2456 1591 2497 incipiendo
1604 2456 1639 2486 in
1651 2454 1808 2486 kalendis
1823 2455 1966 2487 ianuarii

83 2513 123 2543 40
146 2511 226 2544 anni
250 2511 410 2552 predicti,
433 2518 467 2543 et
490 2511 634 2543 durante
658 2521 721 2552 per
743 2517 851 2543 totum
875 2522 1011 2543 annum.

236 2657 259 2682 6.
279 2658 360 2681 ambo
380 2666 447 2689 agg.
468 2658 673 2682 nell’interlineo
693 2659 719 2682 in
738 2659 772 2687 Α,
784 2659 813 2682 di
826 2659 919 2689 prima
940 2666 1029 2687 mano}
1050 2659 1126 2682 ambe
1146 2660 1270 2690 ingresse
1289 2666 1357 2681 corr.
1377 2658 1453 2681 MUR.
1475 2671 1505 2674 —
1525 2656 1549 2680 8.
1569 2656 1601 2680 de
1622 2656 1768 2680 voluntate
1783 2664 1851 2687 agg.
1864 2655 1967 2678 nell'in-

150 2701 262 2724 terlineo
282 2700 307 2722 in
327 2700 360 2727 A,
380 2700 409 2723 di
423 2700 515 2729 prima
535 2709 610 2724 memo
631 2714 661 2717 —
682 2707 706 2732 9.
726 2701 825 2724 durare
844 2709 914 2724 corr.
934 2701 1012 2725 Mun.
1033 2714 1041 2718 -
1056 2708 1089 2723 ex
1103 2709 1170 2731 agg.
1185 2701 1389 2724 nell'interlineo
1403 2700 1429 2722 in
1443 2699 1467 2722 A
1482 2712 1512 2715 —
1531 2706 1569 2730 15.
1583 2697 1733 2730 deponere]
1749 2698 1896 2728 disponere
1910 2697 1933 2720 A
1945 2698 1970 2720 B

152 2755 184 2758 —
205 2741 244 2765 26.
266 2742 331 2771 dopo
350 2741 508 2765 Mediolani
529 2744 580 2767 etc.
600 2743 626 2765 in
645 2743 668 2765 A
689 2743 798 2774 leggesi
817 2751 884 2774 agg.
905 2744 973 2766 nello
992 2743 1082 2772 spado
1101 2743 1197 2766 libero:
1216 2742 1320 2766 Eodem
1341 2748 1441 2765 mense.
1480 2742 1619 2764 Dominus
1634 2741 1775 2772 Johannes
1789 2740 1821 2762 de
1834 2739 1970 2770 Peppulis

150 2784 205 2807 ivit
225 2784 258 2806 ad
279 2784 485 2814 parlamentum
506 2791 567 2807 cum
588 2784 706 2808 domino
728 2785 940 2817 archiepiscopo
961 2797 992 2801 -
1014 2784 1055 2809 28.
1074 2784 1202 2808 Ferrarie
1224 2786 1248 2808 Β
1261 2784 1337 2808 Mun.
1352 2797 1362 2802 -
1377 2784 1587 2808 Predicatorum
1609 2784 1634 2806 in
1656 2784 1676 2805 A
1698 2790 1766 2813 agg.
1785 2782 1814 2804 di
1832 2784 1969 2804 carattere

105 2831 118 2857 5
150 2826 248 2849 minuto
266 2834 296 2849 su
318 2826 459 2849 minorum
475 2828 583 2850 cancell.
604 2834 648 2850 con
669 2835 700 2849 un
721 2827 783 2858 rigo
803 2840 834 2843 -—
853 2833 895 2857 31.
915 2826 1046 2850 Eodem..
1058 2845 1063 2850 .
1076 2845 1081 2850 .
1102 2833 1194 2850 mense
1213 2835 1260 2852 om.
1280 2826 1358 2850 Mun.
1372 2840 1402 2843 -
1418 2833 1458 2857 34.
1474 2826 1499 2849 in
1514 2825 1637 2857 margine
1650 2825 1679 2848 di
1691 2825 1722 2854 A,
1739 2823 1867 2854 diprima
1882 2830 1969 2846 mano:

152 2867 193 2891 De
211 2867 334 2899 generali
357 2867 537 2899 indulgentia
559 2881 589 2884 —
611 2875 651 2899 40.
672 2867 800 2898 durante]
823 2869 905 2892 durat
924 2869 948 2892 A
963 2869 1000 2897 B;
1021 2868 1147 2892 durando
1167 2869 1243 2892 MUR.

241 2967 246 2982 ¹
269 2968 415 2992 Giovanni
436 2969 469 2992 de
490 2968 566 2992 Naso
586 2968 652 2993 Ord-
673 2969 781 2999 Praed„
795 2969 900 3000 Ευυει,
920 2974 960 3000 op.
979 2970 1034 2998 cit„
1090 2977 1116 3001 p.
1136 2975 1195 3001 551.

2034 717 2052 730 c.
2070 717 2125 735 ¹³77

2038 1555 2114 1577 Mun..
2133 1560 2171 1579 ⁴55

2036 2036 2056 2050 c.
2071 2036 2111 2054 η,-
2122 2037 2135 2049 r
