2360 3603
216 1657 235 1672 e.
250 1653 288 1671 126
297 1658 311 1671 v

187 1705 261 1729 Μυιι.1
276 1711 314 1730 454

400 245 467 280 166
1013 246 1322 281 CHRONICON
1353 247 1581 282 ESTENSE
2041 255 2092 288 [A.
2113 258 2207 290 1349]

392 388 492 418 quam
515 377 740 418 aplicuerunt,
765 384 799 409 et
822 378 1003 409 maximum
1021 379 1170 419 dapnum
1194 379 1391 417 inferentes,
1409 385 1442 410 et
1465 380 1694 420 precedentes
1717 380 1872 412 omnibus
1895 382 2051 413 dominus
2075 382 2206 414 Rober-

391 436 442 461 tus
466 430 508 461 de
533 430 768 466 Sansevmino,
793 431 947 461 dominus
971 430 1195 473 Raymondus
1212 431 1256 462 de
1273 431 1388 474 Balco‚
1412 432 1569 463 dominus
1593 441 1706 464 comes
1730 432 1940 472 Arminiach‚
1956 444 2071 466 comes
2087 434 2205 468 Sancti

391 482 528 524 Angeli,
557 481 690 513 nobiles
713 482 868 519 barones,
891 482 1047 514 dominus
1072 493 1186 515 comes
1210 484 1352 525 Dasper,
1378 484 1533 517 dominus
1556 484 1771 517 Guillielmus
1795 485 1839 517 de
1863 487 2014 529 Foyano‚
2033 488 2207 529 Johannes

392 535 573 571 Malataca‚
598 540 632 566 et
647 535 704 565 alii
720 535 886 572 forenses,
910 542 943 567 et
966 536 1181 577 aplicuerunt
1204 537 1296 577 apud
1312 543 1427 578 portas
1443 537 1590 569 civitatis
1606 538 1775 576 Adverse,
1792 539 1888 570 cuius
1905 539 2051 572 civitatis
2075 541 2207 573 nobiles

393 588 520 619 domini
535 587 627 629 regis
650 587 817 629 Ungarie‚
841 588 1023 620 existentes
1046 589 1081 619 in
1105 589 1252 630 civitate,
1275 595 1372 620 extra
1396 589 1549 621 exierunt
1573 591 1712 622 civitate
1737 597 1771 622 et
1795 598 1923 624 armata
1945 603 2047 624 manu
2063 594 2206 636 fugave-
2252 595 2269 626 5

392 646 469 672 runt
492 640 669 682 predictos
692 650 800 682 usque
824 651 980 683 campum
997 652 1104 680 suum,
1127 641 1254 674 bellum
1278 641 1405 673 cotidie
1431 643 1711 680 commictentes3
1736 650 1770 675 et
1786 649 1908 686 gentes
1930 645 2055 686 prefati
2079 646 2206 678 domini

388 692 478 735 regis
501 698 751 734 superaverunt
774 693 871 731 alios,
895 700 929 725 et
953 700 1120 735 ceperunt
1143 695 1316 726 dominum
1347 695 1539 727 Robertum
1564 695 1607 727 de
1639 695 1877 734 Sanseverino,
1910 698 2066 729 comitem
2091 699 2206 730 Armi-

389 746 502 783 niach,
526 746 685 778 comitem
710 746 829 778 Sancti
853 747 992 790 Angeli,
1010 748 1168 779 comitem
1184 748 1327 789 Dasper,
1345 749 1518 780 dominum
1536 749 1766 781 Guillielmum
1784 750 1827 781 de
1846 751 1998 793 Foyano,
2014 751 2206 794 Johannem

390 799 605 836 Malatacam‚
630 799 772 830 Paulum
797 800 839 831 de
870 799 1068 832 Manfredis
1091 800 1134 832 de
1167 800 1292 843 Regio,
1319 800 1441 842 quibus
1473 801 1631 833 omnibus
1659 802 1768 843 captis
1791 803 1992 834 dimiserunt
2023 814 2140 836 omnes
2163 805 2207 836 ad

389 852 488 883 fidem
505 852 656 883 iurantes
674 852 774 883 etiarn
798 862 866 883 non
889 858 1009 884 contra
1032 853 1165 895 Regem
1188 854 1334 894 amplius
1358 854 1493 890 venire3
1518 861 1816 896 preceperuntque
1841 855 1899 893 eis,
1924 857 2016 897 quod
2038 857 2131 888 infra
2154 867 2206 889 xn
2235 859 2272 889 10

388 905 464 937 dies
486 905 691 936 recederent
715 905 758 936 de
783 905 936 936 exercitu
961 905 1143 947 Principis,
1168 911 1201 938 et
1216 906 1267 938 sic
1283 906 1445 938 fecerunt
1461 913 1526 939 etc.
1572 907 1654 939 Post
1671 918 1800 949 paucos
1816 918 1897 940 vero
1914 908 1989 940 dies
2004 909 2135 941 firmata
2156 917 2208 942 est

389 963 533 1000 treugua
556 958 644 989 inter
667 957 841 989 dominum
866 969 981 1001 regem
1005 958 1159 1001 Ungarie
1183 965 1217 991 et
1239 959 1446 1001 Principem,
1471 971 1533 1001 per
1556 960 1729 992 dominum
1764 960 1972 993 Anibaldum
1996 963 2206 995 cardinalem

387 1015 420 1042 et
443 1011 593 1052 legatum
611 1011 739 1042 domini
764 1010 868 1052 Pape,
886 1011 945 1053 qui
961 1011 1171 1044 substinebat
1187 1013 1354 1044 honorem
1370 1013 1502 1044 domini
1519 1013 1690 1045 Ludovici
1706 1013 1873 1055 principis
1889 1020 2029 1056 propter
2043 1025 2208 1053 amorem,

389 1073 490 1106 quern
514 1063 665 1095 habebat
689 1064 844 1095 dominus
867 1064 961 1105 Papa
984 1065 1019 1095 in
1043 1066 1216 1097 dominam
1239 1065 1412 1108 Reginam
1437 1072 1500 1097 etc.

473 1116 602 1148 Eodem
615 1116 807 1155 millesimo,
824 1117 881 1149 die
896 1118 947 1148 XI⁰
959 1119 1085 1150 mensis
1098 1118 1193 1160 junii.
1223 1119 1392 1150 Dominus
1405 1119 1634 1151 Bernardinus
1651 1120 1694 1151 de
1709 1119 1853 1151 Polenta
1865 1120 2023 1152 dominus
2039 1121 2206 1154 Ravenne
2234 1123 2270 1154 15

387 1170 530 1211 aplicuit
560 1169 754 1201 Ferrariam
778 1171 821 1201 ad
845 1171 1031 1203 videndum
1056 1172 1228 1203 dominam
1251 1172 1401 1203 Yliciam
1424 1173 1526 1204 filiam
1550 1171 1679 1204 domini
1704 1173 1910 1205 marchionis
1932 1174 2100 1217 Obiconis
2124 1181 2204 1213 etc.;

389 1222 515 1254 deinde
540 1227 618 1254 ante
642 1232 816 1254 recessum
840 1223 911 1255 eius
928 1224 1143 1256 confirmavit
1165 1225 1378 1266 parentelam
1395 1225 1488 1257 dicte
1506 1226 1643 1257 domine
1667 1226 1701 1258 in
1719 1236 1860 1258 uxorem
1887 1227 2014 1258 domini
2039 1227 2209 1261 Guidonis

389 1276 461 1307 eius
486 1275 546 1307 filii
568 1281 633 1308 etc.

474 1328 607 1360 Eodem
631 1329 810 1362 millesimo
835 1336 868 1362 et
891 1340 1017 1362 mense.
1064 1330 1229 1362 Dominus
1259 1331 1362 1363 Canis
1386 1342 1528 1374 magnus
1552 1332 1635 1364 filius
1660 1332 1790 1364 domini
1813 1332 1953 1364 Mastini
1977 1334 2019 1365 de
2045 1333 2076 1366 la
2106 1334 2208 1366 Scala

388 1392 464 1413 cum
488 1382 643 1414 exercitu
666 1383 811 1414 maximo
828 1383 973 1425 ingressi
997 1389 1074 1415 sunt
1089 1394 1192 1425 super
1207 1384 1378 1415 territorio
1395 1385 1549 1423 Mantue,
1566 1385 1623 1416 ubi
1648 1385 1787 1417 multum
1812 1386 1961 1427 dapnum
1978 1387 2205 1419 contulerunt.
2229 1389 2271 1420 20

475 1435 608 1466 Eodem
631 1435 809 1467 millesimo
827 1442 861 1468 et
877 1447 1003 1474 mense,
1021 1442 1176 1478 tempore
1199 1437 1325 1479 prefati
1343 1437 1472 1469 domini
1490 1438 1696 1470 marchionis
1719 1438 1882 1481 Obiconis
1904 1445 1969 1470 etc.
1993 1440 2134 1481 incepta
2158 1446 2208 1472 est

384 1487 496 1525 turris,
520 1494 554 1519 et
578 1488 735 1519 fortilitia
759 1488 915 1520 Pollicini
944 1488 1107 1533 Figaroli.

473 1540 605 1572 Eodem
628 1541 816 1582 millesimo,
842 1541 897 1573 die
920 1543 1109 1584 penultimo
1125 1543 1219 1587 junii.
1265 1543 1431 1575 Dominus
1448 1544 1629 1576 Malatesta
1645 1545 1688 1576 de
1712 1543 1868 1576 Arimino
1893 1550 1970 1584 etc„
1993 1551 2028 1577 et
2050 1545 2208 1578 dominus

389 1593 595 1626 Franciscus
619 1594 662 1625 de
687 1594 858 1626 Ordilaffis
892 1595 935 1626 de
965 1595 1116 1627 Forlivio
1145 1602 1221 1633 etc„
1253 1603 1422 1628 venerunt
1453 1597 1643 1628 Ferrariam
1674 1607 1788 1629 coram
1824 1597 1965 1629 domino
1997 1597 2206 1630 marchione'

388 1646 545 1689 Obicone
569 1653 710 1688 propter
732 1647 881 1689 aliquam
899 1648 1119 1685 discordiam,
1143 1659 1209 1691 que
1225 1655 1299 1681 erat
1327 1649 1418 1681 inter
1443 1650 1554 1681 dictos
1577 1649 1733 1681 dominos
1758 1650 1801 1682 de
1825 1650 1959 1682 duobus
1982 1652 2114 1689 castris,
2137 1661 2205 1694 que
2229 1650 2270 1683 25

385 1699 528 1741 quilibet
551 1709 668 1731 eorum
692 1700 837 1741 volebat,
860 1700 993 1733 scilicet
1016 1708 1163 1733 castrum
1191 1702 1351 1734 Munticli
1375 1708 1409 1734 et
1433 1702 1625 1746 Mondayni
1639 1702 1668 1740 ¹3
1700 1708 1814 1735 tamen
1836 1713 1905 1735 non
1922 1704 2027 1735 valuit
2050 1704 2207 1736 dominus

386 1753 546 1784 Marchio
569 1753 661 1794 ipsos
684 1754 908 1791 concordare,
933 1760 967 1786 et
997 1761 1215 1787 recesserunt
1237 1756 1281 1788 de
1305 1755 1465 1787 Ferraria
1489 1761 1552 1787 etc.

472 1805 602 1837 Eodem
618 1806 806 1844 millesimo,
821 1807 889 1838 xu⁰
903 1807 987 1850 julii.
1024 1808 1188 1840 Dominus
1205 1808 1321 1840 Guido
1338 1808 1425 1840 filius
1441 1809 1614 1852 magnifici
1632 1809 1760 1841 domini
1785 1810 1914 1842 domini
1940 1810 2147 1843 Bernardini
2163 1811 2206 1843 de

387 1858 533 1890 Polenta
555 1860 648 1890 venit
671 1859 875 1898 Ferrariam,
900 1866 934 1892 et
950 1861 1168 1902 desponsavit
1186 1862 1358 1893 dominam
1376 1862 1538 1905 Ylyxiam
1555 1862 1656 1894 filiam
1680 1863 1854 1906 magnifici
1871 1869 1904 1895 et
1920 1863 2060 1895 illustris
2077 1863 2206 1896 domini

387 1911 515 1943 domini
537 1912 702 1954 Obiconis
726 1913 935 1945 marchionis
959 1914 1120 1949 estensis;
1145 1920 1358 1956 quapropter
1380 1915 1504 1946 nobilis
1526 1916 1619 1947 curia
1643 1915 1736 1947 facta
1760 1921 1820 1947 est.
2230 1918 2270 1949 30

472 1965 605 1996 Eodem
631 1963 822 2004 millesimo,
848 1965 902 1997 die
926 1965 1002 1997 XV1⁰
1033 1967 1118 2009 julii.
1163 1967 1330 1999 Dominus
1352 1967 1528 2010 johannes
1559 1967 1646 1999 filius
1675 1967 1802 1999 domini
1827 1968 2004 2000 Francisci
2035 1969 2079 2001 de
2103 1969 2206 2001 Ordi-

387 2016 451 2048 laffi
476 2018 517 2048 de
534 2017 686 2049 Forlivio
712 2018 806 2049 venit
829 2019 1038 2056 Ferrariam3
1063 2019 1189 2051 deinde
1213 2020 1276 2051 ivit
1300 2020 1536 2052 Mediolanum
1560 2026 1627 2053 etc.

474 2070 604 2102 Eodem
629 2070 822 2110 millesimo,
853 2071 910 2103 die
941 2072 1011 2103 11110
1044 2073 1188 2116 augusti.
1235 2073 1320 2105 Cum
1353 2073 1510 2105 dominus
1532 2073 1691 2106 Albertus
1725 2080 1758 2105 et
1782 2074 1940 2106 dominus
1971 2073 2075 2107 Canis
2099 2075 2142 2107 de
2173 2076 2208 2108 13

385 2123 488 2155 Scala
511 2133 586 2154 cum
611 2124 765 2155 exercitu
789 2124 822 2155 in
847 2124 1027 2157 obsidione
1051 2127 1145 2158 circa
1169 2132 1315 2158 castrum
1340 2126 1486 2158 Canoli²
1510 2126 1683 2158 districtus
1699 2127 1843 2158 Mantue
1860 2137 1988 2159 moram
2006 2127 2205 2166 trassissent,

383 2182 417 2208 et
441 2176 547 2208 nichil
569 2177 721 2208 valentes
743 2178 872 2215 facere,
897 2178 1074 2211 redierunt
1097 2179 1277 2211 Veronam.
2229 2181 2268 2214 35

473 2228 604 2261 Eodem
628 2229 816 2268 millesimo,
848 2231 904 2262 die
927 2231 964 2263 v⁰
991 2233 1134 2274 augusti.
1180 2233 1317 2264 Domini
1342 2233 1483 2264 Mantue
1506 2233 1653 2265 scientes
1679 2234 1721 2265 de
1744 2243 1881 2265 recessu
1904 2234 2137 2275 predictorum
2161 2235 2205 2265 de

381 2283 414 2313 la
438 2282 550 2319 Scala,
574 2289 607 2314 et
629 2282 785 2315 volentes
808 2284 989 2316 adsumere
1006 2285 1207 2323 vindictam,
1224 2286 1388 2317 miserunt
1405 2295 1447 2318 cc
1471 2292 1646 2328 equestres
1670 2293 1704 2317 et
1727 2295 1768 2318 cc
1792 2287 1926 2328 pedites
1949 2293 2098 2319 castrum
2122 2287 2204 2319 Val-

383 2335 464 2366 lecii
487 2335 658 2367 districtus
675 2336 826 2374 Verone‚
844 2337 901 2379 qui
919 2338 1133 2379 applicantes
1149 2350 1292 2376 murum,
1309 2340 1367 2380 qui
1385 2339 1562 2370 dividebat
1580 2340 1731 2372 confines
1747 2339 1836 2371 inter
1851 2339 2029 2372 Mantuam
2045 2346 2079 2371 et
2095 2340 2204 2372 Vero-

384 2399 473 2425 nam,
496 2394 529 2419 et
553 2398 614 2429 per
637 2389 803 2420 scalarum
827 2391 955 2432 gradus
977 2391 1233 2423 adscenderunt
1250 2403 1393 2429 murum,
1409 2398 1688 2434 vocaveruntque
1714 2393 1873 2424 custodes
1897 2393 2010 2433 castri,
2035 2393 2202 2432 dicentes,

383 2441 475 2482 quod
500 2447 596 2472 erant
620 2441 663 2473 de
687 2441 846 2483 gentibus
877 2443 1026 2480 Verone‚
1058 2450 1090 2475 et
1121 2444 1236 2476 taliter
1268 2450 1475 2486 receperunt
1506 2455 1576 2476 eos.
1623 2445 1757 2477 Deinde
1788 2445 1933 2487 ingressi
1963 2452 2041 2477 sunt
2071 2452 2203 2487 portam
2227 2447 2268 2477 40

386 2494 498 2531 castri,
524 2501 556 2526 et
578 2495 685 2535 ipsam
710 2502 919 2536 aperuerunt
943 2503 977 2528 et
992 2497 1148 2529 similiter
1164 2503 1313 2538 pontem.
1360 2497 1459 2529 Tunc
1483 2504 1603 2540 gentes
1619 2504 1796 2540 equestres
1813 2498 2026 2529 intraverunt
2043 2503 2202 2536 castrum,

383 2552 416 2578 et
442 2546 702 2578 combusserunt
727 2548 845 2579 domos
869 2555 904 2580 et
927 2549 1183 2581 derobaverunt
1194 2556 1315 2592 gentes
1333 2550 1436 2582 castri
1461 2555 1495 2582 et
1518 2551 1703 2582 ociderunt
1727 2550 1894 2590 custodes,
1919 2556 1953 2581 et
1975 2550 2061 2582 alios
2078 2557 2201 2582 certos.

381 2600 481 2631 Tunc
507 2600 646 2640 quidam
669 2601 812 2632 nuncius
843 2601 1057 2634 dominorum
1089 2603 1132 2634 de
1158 2603 1189 2634 la
1214 2603 1317 2635 Scala
1341 2603 1519 2635 nunciavit
1543 2603 1591 2635 eis
1614 2603 1738 2641 omnia,
1770 2603 1829 2645 qui
1856 2603 1969 2635 adhuc
1991 2609 2088 2635 erant
2110 2604 2204 2645 apud

473 2718 494 2735 1.
514 2712 677 2744 applicuerit
690 2712 750 2736 AB
767 2726 777 2730 -
792 2714 884 2743 prima
905 2715 934 2738 di
951 2714 1129 2747 precedentes
1149 2714 1175 2738 iit
1194 2715 1217 2738 Α
1237 2716 1333 2746 gentes
1352 2717 1460 2739 cancell.
1481 2723 1526 2739 con
1546 2723 1579 2738 tm
1599 2715 1661 2747 rigo
1682 2728 1711 2731 —
1735 2721 1756 2738 2.
1771 2714 1963 2739 Sansoverino
1978 2716 2001 2739 A
2015 2716 2039 2738 Β
2051 2729 2083 2733 -
2098 2722 2121 2745 4.
2136 2715 2201 2745 dopo

385 2752 509 2776 Adverse
529 2754 553 2777 A
566 2755 591 2777 Β
608 2755 691 2778 hanno
711 2757 807 2786 portas
828 2769 856 2773 —-
879 2761 903 2786 7.
922 2755 1115 2780 Sansoverino
1129 2757 1153 2780 A
1166 2758 1191 2780 Β
1204 2770 1235 2773 -
1254 2763 1293 2781 10.
1307 2757 1392 2780 ctiam
1405 2765 1452 2781 om.
1467 2756 1543 2781 Mna.
1558 2771 1591 2774 -
1608 2763 1645 2787 17.
1660 2756 1852 2788 confirmavit]
1866 2758 2074 2781 consummavit
2088 2756 2200 2781 BMun.

382 2808 414 2812 —
437 2802 475 2825 19.
495 2795 647 2819 millesimo
667 2798 694 2820 et
714 2805 761 2821 om.
781 2797 858 2821 Mna.
879 2811 911 2814 —
932 2804 972 2822 20.
992 2797 1124 2830 maximo]
1144 2806 1245 2830 magno
1266 2799 1378 2823 BMUR.
1397 2813 1429 2817 —
1449 2806 1490 2822 21.
1511 2799 1677 2823 Eodem....
1691 2805 1784 2821 mense
1798 2807 1844 2822 om.
1859 2800 1936 2823 Mun.
1952 2813 1982 2816 —
1996 2806 2038 2830 34.
2053 2800 2200 2822 transisset

381 2845 450 2861 corr.
470 2837 546 2861 Mus.
567 2851 599 2854 —-
618 2843 660 2869 35.
680 2841 707 2862 et
732 2847 780 2863 om.
800 2840 878 2864 Mun.
898 2853 930 2857 —
950 2839 991 2872 36.
1016 2840 1122 2864 Eodem
1144 2840 1313 2873 millesimo]
1339 2841 1393 2864 Die
1418 2841 1497 2865 Mun.
1523 2853 1554 2857 —
1579 2840 1621 2872 38.
1645 2839 1833 2872 applicantes]
1852 2841 2029 2873 aplicuentes
2047 2841 2088 2869 A;
2109 2841 2200 2873 appli-

383 2880 496 2903 cuentes
516 2879 542 2902 B
561 2892 593 2897 -
613 2887 654 2911 43.
674 2881 786 2911 quidem
806 2882 830 2905 A
845 2882 870 2905 Β
889 2895 898 2899 -
917 2882 990 2914 apud
1010 2891 1101 2907 manca
1120 2883 1146 2906 in
1166 2883 1228 2907 AB
2230 2887 2244 2913 5

467 2975 475 2990 ¹
489 2976 669 3001 Montecchio
682 2984 698 3001 a
714 2985 742 3009 15
757 2978 807 3002 kil.
821 2979 895 3002 circa
910 2979 944 3003 da
957 2979 1068 3009 Pesaro,
1083 2980 1156 3004 sulla
1167 2980 1263 3004 strada
1404 2978 1415 2994 ²
1434 2980 1520 3004 Forse
1534 2979 1678 3004 Canedole
1692 2979 1737 3003 nel
1751 2986 1821 3003 com.
1835 2979 1864 3003 di
1878 2979 2047 3003 Roverbella
2061 2980 2105 3003 nel
2119 2978 2198 3003 Man-

380 3017 407 3040 di
426 3016 535 3042 Urbino
554 3026 568 3042 e
587 3026 602 3042 a
621 3019 671 3043 kil.
694 3026 720 3043 12
741 3020 814 3044 circa
835 3021 868 3044 da
888 3021 1056 3045 Mondaino.
1318 3024 1442 3045 tovano:
1463 3029 1487 3045 v.
1511 3023 1612 3052 Corpus
1635 3023 1727 3045 Chron.
1749 3022 1855 3049 Bonan„
1876 3021 1894 3045 1.
1909 3029 1940 3051 c..
1961 3029 1987 3053 p.
2008 3019 2066 3053 598,
2086 3023 2155 3045 nota
2174 3028 2199 3052 4.
