2360 3603
192 1032 264 1051 Mun..
280 1031 318 1050 419

403 210 471 244 128
1025 211 1335 247 CHRONICON
1364 211 1595 246 ESTENSE
2063 218 2104 252 [A
2133 221 2227 252 2345]

395 340 474 370 dum
498 340 534 370 in
557 340 704 381 quadam
727 340 886 370 navicula
910 339 1085 370 cuiusdam
1101 340 1281 380 piscatoris
1306 345 1426 370 contra
1449 339 1692 380 volumptatem
1717 340 1801 372 dicti
1818 341 2007 381 piscatoris,
2032 348 2065 374 et
2080 342 2128 373 sic
2152 352 2228 374 cum

396 392 462 423 suis
489 393 623 423 famulis
656 392 778 433 aripuit
801 392 865 423 iter
897 402 1013 423 versus
1044 391 1199 423 Finalem
1224 398 1369 423 castrum
1394 392 1521 423 domini
1544 392 1756 423 Marchionis
1778 393 1814 424 in
1840 399 1994 435 tempore
2017 395 2171 436 pluvioso
2196 402 2229 426 et

394 447 574 476 contrario.
621 445 707 476 Cum
730 445 795 475 hec
812 445 1048 485 pervenissent
1064 444 1107 475 ad
1124 455 1222 475 aures
1240 444 1370 475 domini
1394 445 1616 483 Marchionis,
1642 445 1765 476 direxit
1785 446 1898 477 statim
1915 446 2168 478 Brandelixium
2186 448 2228 479 de

393 496 548 534 Marauo,
572 503 768 538 sequentem
785 506 863 528 eum
887 496 973 527 bene
997 496 1207 528 adsociatum
1232 503 1266 528 et
1289 496 1422 528 invenit
1446 508 1522 527 eum
1546 496 1632 528 inter
1657 497 1817 528 Sanctam
1841 498 2005 530 Blancam
2019 501 2027 517 ¹
2053 505 2086 530 et
2109 500 2228 531 turrim

393 549 532 586 Linarii,
557 549 731 580 sedentem
756 555 863 580 totum
888 549 1078 590 fatigatum,
1104 549 1280 590 ipsumque
1304 549 1391 580 fecit
1415 549 1600 580 ascendere
1624 560 1760 591 equum,
1785 557 1818 581 et
1842 551 1999 582 similiter
2026 551 2227 588 familiares3
2274 552 2291 582 5

396 602 544 633 conduci
568 602 653 633 fecit
675 612 733 633 eos
756 602 946 632 Ferrariam
971 612 1086 633 coram
1112 601 1206 633 dicto
1232 601 1370 632 domino
1394 602 1606 640 Marchione‚
1624 603 1681 644 qui
1706 612 1781 634 eum
1805 604 1891 635 fecit
1914 604 2009 635 micti
2033 604 2069 634 in
2093 614 2229 636 camera

393 653 586 685 Gloriecte²
611 664 687 686 cum
712 654 864 686 custodia
887 654 1056 685 suffitienti
1081 659 1115 685 et
1139 653 1337 685 honorifice.

479 706 611 738 Eodem
634 707 825 743 millesimo,
851 716 912 737 xxr
938 707 1032 749 junii.
1057 706 1221 737 Dominus
1244 706 1395 738 Maffeus
1419 707 1462 738 de
1480 706 1672 739 Poncarato
1689 707 1731 739 de
1748 707 1884 739 Brixia³
1908 709 2054 740 vicarius
2071 715 2103 740 et
2119 719 2228 740 mare-

393 759 525 789 scalcus
548 759 633 790 dicti
658 759 786 790 domini
809 759 1030 795 Marchionis,
1054 765 1088 790 et
1105 759 1149 790 ad
1165 759 1272 799 ipsius
1295 759 1498 797 instantiam,
1523 760 1657 801 accepit
1674 766 1821 791 castrum
1839 760 1958 792 Sancti
1983 760 2158 804 Quiliqui⁴
2183 762 2227 793 de

393 811 547 842 districtu
571 811 702 848 Parme,
727 811 820 852 quod
844 818 915 842 erat
938 811 1086 852 predicti
1109 811 1255 853 Cagnoli
1279 810 1322 842 de
1348 811 1496 853 Corigia.
2254 814 2292 844 10

480 864 610 895 Eodem
633 864 821 901 millesimo,
846 873 934 894 XXVI
959 864 1082 895 mensis
1105 864 1200 907 junii.
1224 863 1391 895 Dominus
1414 865 1563 896 Maffeus
1587 876 1663 896 curn
1690 864 1850 898 Carlocto
1875 867 1918 897 de
1939 866 2118 898 Placentia
2140 866 2226 898 sotio

391 916 521 947 domini
544 916 682 948 Mastini
707 916 750 948 de
774 916 806 947 la
831 916 942 953 Scala,
966 916 1023 958 qui
1054 921 1128 947 erat
1160 916 1361 957 capitaneus
1383 916 1534 958 gentium
1561 918 1769 959 equestrium
1800 918 1886 949 dicti
1919 918 2049 950 domini
2073 918 2227 956 Mastini,

391 968 544 1000 existent.
570 969 605 999 in
629 969 751 1000 Parma
773 968 808 999 in
833 969 957 1000 auxilio
983 968 1111 1000 domini
1134 968 1349 1000 Marchionis
1372 969 1532 1010 predicti,
1556 980 1671 1001 comes
1693 970 1837 1012 Dasper,
1869 971 2024 1002 dominus
2055 970 2227 1002 Amoldus

394 1022 437 1053 de
461 1021 556 1052 Bach
580 1021 769 1052 theotonici
795 1027 828 1052 et
852 1020 1061 1053 marescal'ci
1086 1021 1237 1063 gentium
1261 1021 1391 1052 domini
1422 1022 1645 1059 Marchionis‚
1671 1033 1747 1054 cum
1780 1024 1926 1054 maxima
1952 1024 2141 1065 quantitate
2165 1023 2228 1054 mi·-

392 1074 486 1105 litum
511 1079 544 1105 et
576 1074 730 1115 peditum
753 1079 1019 1116 segregaverunt
1042 1073 1180 1105 civitate
1208 1073 1343 1112 Parme,
1366 1074 1569 1116 iveruntque
1601 1075 1774 1107 civitatem
1797 1075 1915 1118 Regii,
1938 1081 2150 1108 transeuntes
2173 1076 2227 1106 fo·-
2255 1075 2291 1106 15

392 1137 489 1157 veam
520 1126 668 1158 civitatis
698 1137 799 1168 super
830 1127 1012 1168 quemdam
1043 1137 1184 1164 murum,
1216 1126 1275 1168 qui
1308 1127 1341 1157 in
1375 1127 1466 1158 dicta
1498 1128 1601 1159 fovea
1633 1135 1716 1166 erat,
1748 1134 1782 1159 et
1813 1139 1914 1170 super
1945 1129 2054 1160 scalas
2084 1127 2228 1160 adscen-

390 1180 514 1210 derunt
536 1190 668 1210 murum
691 1178 848 1210 civitatis.
897 1178 1102 1210 Gabrioctus
1125 1179 1170 1211 de
1203 1177 1379 1210 Canossa5
1403 1179 1517 1222 frangi
1542 1180 1694 1211 faciebat
1717 1191 1848 1211 murum
1873 1181 2030 1212 civitatis.
2077 1179 2227 1218 Quidam

390 1232 490 1268 stulti,
514 1232 571 1273 qui
602 1241 703 1272 super
735 1242 864 1262 murum
896 1231 1132 1268 ascenderant,
1165 1231 1418 1263 descenderunt
1450 1232 1594 1264 inferius
1626 1233 1659 1262 in
1691 1233 1876 1271 civitatem,
1905 1240 2082 1265 currentes
2111 1243 2228 1264 versus

390 1285 539 1325 plateam
564 1284 722 1321 civitatis,
746 1290 779 1315 et
804 1283 1005 1315 clamantes:
1031 1284 1127 1315 Vivat
1149 1284 1300 1315 dominus
1317 1285 1467 1315 marchio
1487 1284 1597 1316 Obizo.
1634 1286 1733 1317 Tunc
1751 1291 1871 1328 gentes
1888 1286 2018 1317 domini
2041 1285 2226 1328 Phylypini

392 1337 435 1368 de
460 1337 634 1379 Goucaga,
652 1337 708 1378 qui
726 1337 882 1368 dominus
905 1337 990 1368 erat'
1016 1336 1109 1368 dicte
1126 1337 1282 1374 civitatis,
1307 1337 1499 1368 restiterunt
1523 1338 1686 1374 inimicis;
1711 1344 1824 1370 tamen
1840 1345 1960 1381 gentes
1984 1339 2112 1370 domini
2134 1337 2228 1369 Mar·
2252 1339 2292 1368 20

391 1389 522 1420 chionis
546 1396 718 1421 verterunt
747 1389 832 1421 alios
855 1390 891 1420 in
915 1389 1031 1431 fugam
1061 1399 1168 1431 usque
1191 1389 1355 1430 plateam;
1386 1396 1419 1421 et
1443 1390 1471 1420 si
1503 1390 1664 1421 auxilium
1688 1390 1830 1422 aliorum
1861 1401 1998 1422 suorum
2022 1390 2226 1428 habuissent,

389 1442 595 1483 superabant
618 1443 712 1481 alios,
735 1448 770 1473 et
794 1441 1018 1473 obtinuissent
1041 1441 1237 1478 civitatem3
1262 1448 1314 1473 set
1338 1442 1395 1473 alii
1426 1453 1493 1474 non
1527 1443 1749 1474 adcesserunt
1771 1444 1817 1475 ad
1840 1450 1972 1485 tempus
2003 1450 2143 1485 propter
2167 1443 2228 1474 de-

391 1495 519 1526 fectum
543 1505 727 1536 paucarum
753 1494 930 1532 scalarum,
955 1500 989 1525 et
1011 1500 1153 1535 propter
1177 1494 1309 1525 tardum
1334 1495 1518 1527 adventum
1536 1495 1619 1526 dicti
1643 1495 1771 1526 domini
1794 1496 1945 1538 Maffey3
1970 1502 2004 1527 et
2028 1506 2096 1527 non
2112 1495 2229 1527 reddi-

392 1548 489 1578 derat
511 1547 611 1579 etiam
634 1547 789 1588 previsos
812 1557 890 1578 suos
914 1547 958 1579 de
981 1546 1040 1578 tali
1062 1547 1222 1589 negotio;
1245 1552 1278 1578 et
1301 1546 1454 1588 pluribus
1479 1548 1522 1578 de
1546 1548 1655 1579 causis
1670 1554 1788 1590 gentes
1809 1549 1938 1580 domini
1962 1548 2145 1591 Phylypini
2171 1558 2228 1579 ex-

390 1600 566 1641 pulserunt
590 1601 684 1637 alios,
700 1605 733 1631 et
758 1600 959 1632 occiderunt
987 1605 1020 1631 et
1044 1605 1209 1640 ceperunt
1233 1600 1356 1631 multos
1379 1610 1421 1632 ex
1445 1600 1503 1638 eis,
1521 1606 1555 1632 et
1578 1601 1674 1632 multi
1698 1601 1856 1632 suffocati
1879 1607 1957 1633 sunt
1980 1601 2016 1631 in
2040 1600 2167 1637 foveis;
2193 1606 2227 1632 et
2250 1600 2290 1631 25

392 1653 440 1684 sic
462 1663 529 1685 non
554 1653 773 1684 obtinuerunt
797 1653 979 1684 civitatem.

475 1706 608 1737 Eodem
632 1705 823 1742 millesimo,
848 1705 905 1736 die
931 1715 955 1735 11
980 1705 1105 1736 mensis
1125 1705 1212 1747 julii.
1237 1705 1405 1737 Dominus
1428 1706 1583 1737 marchio
1607 1705 1729 1748 Obico,
1754 1707 1910 1738 dominus
1934 1707 2102 1738 Mastinus
2127 1706 2170 1738 de
2193 1705 2227 1736 la

390 1758 491 1790 Scala
513 1764 726 1790 recesserunt
749 1758 792 1789 de
815 1758 984 1795 Ferraria,
1008 1758 1211 1799 iveruntque
1227 1758 1272 1789 ad
1288 1758 1468 1799 prandium
1484 1759 1649 1791 Altedum
1662 1758 1673 1775 ‘³
1690 1759 1726 1790 in
1743 1759 1897 1791 districtu
1914 1758 2078 1796 Bononie,
2095 1758 2153 1790 ubi
2175 1759 2227 1790 in-

388 1817 555 1842 venerunt
577 1811 767 1853 Johannem
792 1810 896 1841 filium
914 1810 1042 1842 domini
1058 1810 1171 1841 Tadei
1197 1811 1240 1842 de
1264 1810 1414 1852 Pepulis,
1432 1812 1490 1853 qui
1514 1811 1655 1844 multum
1679 1811 1859 1843 honoravit
1876 1822 1949 1849 eos3
1974 1812 2019 1843 ad
2041 1811 2228 1853 hospitium

389 1865 524 1895 iverunt
546 1864 746 1902 Bononiam,
771 1863 829 1894 ubi
853 1863 1010 1894 dominus
1033 1863 1172 1894 Tadeus
1195 1863 1326 1904 recepit
1349 1873 1408 1896 eos
1431 1874 1509 1895 cum
1532 1864 1678 1896 maximo
1694 1865 1837 1896 honore.
1881 1864 2045 1896 Dominus
2067 1863 2225 1895 Marchio
2249 1864 2291 1894 30

390 1917 554 1958 ospitatus
578 1922 628 1948 est
652 1917 697 1948 ad
728 1916 890 1948 Sanctum
923 1915 1124 1952 Proculum3
1157 1915 1314 1947 dominus
1339 1916 1509 1948 Mastinus
1537 1917 1580 1948 ad
1611 1918 1747 1948 domum
1778 1917 1922 1949 fratrum
1950 1916 2225 1953 Predicatorum3

391 1969 515 2000 deinde
539 1969 675 2000 insimul
699 1969 742 2000 ad
766 1969 1013 2010 parlamentum
1030 1968 1179 2006 fuerunt,
1197 1969 1289 2010 quod
1312 1969 1485 2001 modicum
1501 1970 1632 2010 profuit
1655 1969 1794 2001 domino
1811 1968 2008 2002 Marchioni
2031 1974 2065 2000 et
2088 1969 2227 2000 domino

391 2022 552 2059 Mastino‚
577 2021 656 2063 quia
679 2021 836 2053 dominus
860 2021 998 2052 Tadeus
1021 2026 1267 2062 procuraverat
1291 2020 1382 2053 alibi.

476 2074 608 2106 Eodem
621 2074 802 2106 millesimo
820 2079 853 2105 et
869 2083 984 2105 mense
999 2073 1084 2115 julii.
1102 2073 1230 2106 Gentes
1245 2073 1373 2106 domini
1388 2074 1537 2106 Luchini
1553 2086 1630 2106 curn
1648 2075 1800 2107 exercitu
1816 2075 1951 2106 iverunt
1967 2074 2062 2106 circa
2077 2079 2222 2105 castrum

390 2127 543 2170 Soragne
567 2128 601 2158 in
626 2127 805 2159 obsidione
829 2127 863 2158 in
887 2127 1043 2159 districtu
1067 2127 1203 2166 Parme,
1227 2128 1319 2169 quod
1343 2127 1536 2159 habuerunt
1559 2138 1635 2160 cum
1660 2128 1762 2160 certis
1784 2128 1905 2170 pactis.
2245 2127 2286 2158 :35

477 2180 607 2212 Eodem
624 2180 806 2211 millesimo
823 2185 856 2211 et
872 2189 999 2211 mense.
1017 2179 1180 2212 Predicte
1197 2186 1317 2223 gentes
1335 2187 1601 2223 segregaverunt
1617 2181 1711 2213 dicto
1729 2187 1853 2217 castro,
1873 2187 1907 2212 et
1923 2181 2058 2212 iverunt
2077 2185 2225 2212 castrum

391 2233 520 2265 Noxeti
535 2232 556 2271 ⁷,
581 2233 616 2263 in
641 2233 734 2264 dicto
759 2233 927 2271 districtu,
951 2233 1045 2274 quod
1068 2239 1140 2264 erat
1164 2232 1323 2265 Ghiberti
1347 2234 1390 2265 de
1414 2232 1541 2265 Sancto
1565 2233 1683 2272 Vitali,
1708 2240 1741 2265 et
1765 2233 1819 2266 die
1844 2242 1923 2265 xv11
1935 2233 2010 2275 julii
2033 2232 2227 2264 habuerunt

390 2292 536 2318 castrum
561 2295 637 2316 cum
662 2286 763 2317 certis
786 2286 905 2327 pactis.

477 2419 500 2442 4.
519 2411 688 2443 sequentem]
709 2413 832 2443 sequent.
851 2412 893 2439 A,-
913 2413 944 2435 ut
962 2413 1122 2443 sequeretur
1140 2413 1218 2437 Mun.
1239 2426 1249 2430 -
1269 2411 1456 2443 adsociatum]
1471 2412 1606 2437 adsoeIat.
1624 2413 1665 2440 A‚·
1687 2413 1842 2437 associatus
1866 2412 1943 2437 Mun.
1963 2425 1996 2430 —
2015 2417 2038 2442 5.
2059 2409 2222 2442 familiares]

390 2454 469 2477 famil
489 2453 528 2479 A,-
542 2452 627 2476 famul
640 2453 680 2480 Β,-
694 2452 811 2477 famulos
825 2454 903 2478 Mun.
918 2467 949 2470 —
967 2460 1005 2477 11.
1021 2454 1122 2477 Eodem
1135 2453 1293 2484 millesimo]
1314 2454 1367 2477 Die
1386 2454 1463 2479 MuR.
1479 2468 1509 2472 —
1526 2460 1566 2486 13.
1579 2454 1709 2479 existent.
1722 2454 1763 2481 A:
1775 2454 1926 2478 existentes
1940 2453 2017 2478 Mur<-
2032 2465 2064 2470 —
2081 2459 2121 2484 ¹4.
2134 2452 2224 2476 Theo-

391 2496 477 2519 tonic.
496 2495 524 2518 et
541 2495 698 2519 marescalc.
716 2495 757 2521 A,·
777 2495 971 2519 Theotonicus
990 2497 1016 2519 et
1035 2496 1218 2519 marescalcus
1235 2496 1261 2519 B
1280 2497 1358 2520 Mun.
1380 2509 1410 2513 —
1435 2501 1473 2526 17.
1495 2495 1630 2526 Quidam]
1656 2496 1764 2527 quidem
1783 2496 1807 2519 A
1826 2509 1859 2513 —
1879 2501 1921 2519 20.
1946 2495 2111 2519 restiterunt
2130 2494 2224 2525 Mun-3

391 2537 528 2560 resistent.
547 2537 571 2559 A
594 2550 621 2552 —
645 2543 734 2568 23-24.
757 2537 885 2560 redderat
904 2537 963 2560 AB
983 2550 1013 2553 —
1035 2543 1077 2568 27.
1097 2538 1199 2561 Eodem
1219 2537 1369 2561 millesimo
1389 2546 1435 2561 om.
1451 2538 1530 2562 Mun.
1543 2550 1576 2554 —
1589 2544 1631 2569 34.
1646 2537 1795 2562 millesimo
1815 2538 1842 2561 et
1861 2544 1907 2560 om.
1922 2537 2001 2561 Mun.
2014 2549 2047 2553 —
2062 2535 2104 2567 36.
2118 2535 2222 2559 Eodem

343 2583 356 2609 5
388 2578 536 2602 millesimo
555 2579 584 2601 et
602 2584 695 2601 mense
714 2585 761 2601 om.
782 2577 858 2601 Mun.

479 2654 486 2671 ¹
507 2656 594 2680 Santa
614 2657 717 2680 manca
736 2657 804 2681 villa
817 2656 853 2680 ad
876 2663 904 2680 11
920 2657 968 2681 kil.
989 2657 1024 2680 da
1043 2657 1140 2681 Finale
1153 2665 1168 2681 e
1187 2665 1203 2681 a
1217 2662 1230 2688 5
1245 2657 1281 2681 da
1422 2656 1433 2671 ³
1455 2658 1554 2681 Mass'eo
1573 2658 1608 2681 da
1626 2657 1819 2681 Pontecarale.

393 2698 535 2737 Bondeno.
1423 2698 1432 2714 ⁴
1451 2699 1505 2723 San
1526 2698 1653 2728 Quirico,
1673 2706 1689 2722 a
1708 2698 1740 2722 26
1759 2698 1806 2722 kil.
1826 2698 1900 2722 circa
1919 2698 1954 2721 da
1972 2698 2081 2722 Parma.
2257 2698 2286 2724 15

479 2737 490 2753 ²
510 2739 530 2762 E
555 2740 582 2763 la
606 2746 712 2763 camera
738 2740 811 2764 della
839 2741 851 2753 ⁴⁴
864 2740 991 2764 Giorleta
1004 2759 1017 2772 „
1043 2740 1280 2765 nell’inventario
1422 2740 1432 2756 5
1452 2741 1544 2773 Figlio
1565 2741 1593 2764 di
1613 2741 1764 2764 Albertino
1783 2740 1911 2764 visconte
1929 2747 1977 2772 per
2000 2740 2039 2771 gli
2058 2739 2170 2764 Estensi
2195 2740 2224 2764 in

392 2780 436 2804 dei
454 2781 562 2804 castelli
582 2782 684 2805 estensi
703 2781 745 2805 del
770 2781 834 2813 1436
855 2782 1123 2812 (erom-mex,
1142 2774 1249 2806 Dabam.
1270 2791 1282 2806 c
1336 2783 1453 2807 Modena
1479 2789 1526 2814 per
1545 2782 1583 2813 gli
1607 2783 1676 2806 anni
1699 2780 1765 2813 1336
1791 2788 1805 2804 e
1835 2786 1908 2812 1337.
1946 2782 2000 2806 Per
2024 2781 2128 2805 notizie
2153 2781 2225 2805 sulla

336 2830 366 2846 10
391 2822 465 2845 studi
479 2822 545 2844 editi
556 2822 625 2844 della
638 2822 670 2845 R.
684 2823 778 2854 Deput.
794 2824 824 2845 di
837 2824 918 2846 stom‘a
927 2825 1018 2854 patria
1028 2827 1078 2854 per
1095 2823 1122 2846 la
1135 2824 1281 2855 Romag-na,
1335 2824 1465 2856 tamiglia
1483 2831 1498 2847 e
1517 2824 1561 2848 sul
1580 2823 1697 2848 castello
1717 2822 1746 2847 di
1765 2822 1898 2852 Canossa,
1913 2822 1948 2847 cf.
1969 2823 2156 2852 Tuumscm,
2175 2822 2225 2845 Di-

393 2863 448 2886 vol.
467 2862 506 2886 111
532 2862 632 2893 (1907).
659 2864 703 2888 Cf.
724 2871 755 2888 su
781 2863 868 2896 quest'
878 2866 1038 2889 inventario
1064 2865 1097 2889 G.
1124 2866 1225 2894 Pnum,
1244 2865 1281 2888 La
1335 2866 1450 2889 zionario
1468 2873 1528 2892 ecc„
1547 2866 1568 2893 Ι,
1588 2872 1635 2897 pp.
1656 2870 1779 2895 και-ης.

392 2904 564 2934 suppellettile
583 2905 626 2927 dei
640 2905 743 2935 palaszi
760 2906 853 2929 estensi
875 2907 903 2928 in
922 2906 1037 2929 Ferrum
1056 2906 1099 2929 nel
1122 2907 1198 2935 1436,
1219 2907 1282 2931 Fer·
1424 2905 1435 2921 ⁶
1457 2907 1558 2930 Altedo
1577 2914 1593 2930 a
1614 2912 1644 2930 22
1665 2906 1713 2930 kil.
1732 2906 1806 2930 circa
1825 2906 1859 2930 da
1879 2906 2015 2938 Bologna.
2254 2909 2287 2926 20

394 2952 463 2975 rara,
487 2945 561 2977 1908.
1423 2946 1434 2963 ⁷
1455 2949 1559 2972 Noceto
1585 2955 1602 2971 a
1624 2954 1654 2971 10
1679 2947 1727 2972 kil.
1747 2947 1808 2971 S-E.
1834 2947 1869 2972 da
1888 2948 1980 2979 Borgo
2005 2948 2060 2972 San
2080 2947 2224 2971 Donnino.
