2360 3603
106 227 156 262 [Α.
179 229 270 262 1346]
738 222 1047 257 CHRONICON
1077 221 1307 258 ESTENSE
1866 223 1931 256 141

106 364 212 396 usque
229 353 413 386 secundam
437 354 556 385 horam
578 354 700 385 noctis.
732 354 845 385 Etiam
862 354 973 385 evaxit
990 354 1032 385 de
1047 353 1136 385 bello
1154 354 1348 396 aliqualiter
1363 354 1556 385 vulneratus
1573 354 1722 386 Karolus
1738 354 1824 385 filius
1849 355 1938 395 regis

106 407 272 448 Johannis
296 407 338 437 de
361 407 535 444 Bohemia,
559 408 617 450 qui
643 417 705 447 per
728 407 901 438 dominum
924 406 1053 447 Papam
1077 407 1206 438 electus
1228 413 1300 438 erat
1324 407 1358 437 in
1383 417 1499 450 regem
1523 407 1768 445 Romanorum,
1794 414 1826 439 et
1850 406 1939 448 fugit

109 459 290 501 quamdam
313 459 472 496 abatiam,
500 460 559 492 ubi
583 459 799 491 morabantur
830 459 1031 497 cardinales,
1057 465 1090 490 et
1122 460 1326 500 propalavit,
1350 461 1443 501 quod
1474 460 1517 492 de
1549 460 1617 491 suis
1648 460 1771 491 mortui
1800 460 1937 491 fuerant

109 512 202 543 circa
226 522 322 550 xxw,
348 518 382 543 et
405 513 448 543 de
471 512 536 544 illis
559 513 663 553 patris
687 513 756 543 eius
781 513 873 543 circa
895 522 944 543 Lx
966 512 1093 552 reperti
1118 513 1256 544 fuerunt
1279 513 1458 551 vulnerati,
1482 513 1525 543 de
1556 519 1653 553 parte
1677 514 1768 556 regis
1791 514 1818 544 F
1820 512 1937 543 rancie

66 564 84 596 5
109 575 269 602 ccccxw,
293 564 465 596 residuum
488 575 570 597 vero
594 565 717 596 mortui
742 571 775 596 et
799 565 901 605 capti.
947 565 1048 597 Tunc
1072 565 1141 596 alio
1158 575 1256 596 mane
1281 565 1480 605 tempestive
1498 566 1567 596 dux
1592 565 1636 597 de
1660 566 1796 597 Loreno
1820 574 1938 606 perso-

107 618 228 650 naliter
252 617 398 649 adcessit
414 618 541 650 dictum
567 628 723 658 campum
741 629 817 649 cum
835 627 898 649 ccc
915 618 1077 649 militibus
1094 624 1127 648 et
1150 621 1230 648 vm‘
1253 618 1423 658 peditibus
1435 617 1455 656 ¹,
1473 629 1612 658 sperans
1636 618 1831 659 recuperari
1848 628 1939 648 catn-

108 681 188 711 pum
213 676 354 711 propter
376 671 558 702 maximum
583 670 743 708 laborem,
768 681 867 712 quem
891 670 1139 701 substinuerant
1155 677 1274 712 gentes
1297 671 1387 712 regis
1403 670 1538 712 AngHe,
1564 677 1597 702 et
1619 681 1762 711 sperans
1786 670 1937 701 invenire

108 732 167 754 eos
190 723 352 765 fatigatos
375 729 450 760 etc.‚
475 729 526 754 set
550 723 756 754 contrarium
780 722 916 759 accidit,
942 723 1034 764 quod
1058 723 1137 754 Rex
1161 729 1234 753 erat
1258 730 1395 762 paratus
1425 730 1458 754 et
1482 723 1656 754 ordinatus
1681 734 1756 755 cum
1781 722 1935 753 omnibus

108 776 185 812 suis,
210 776 331 807 timens
355 776 538 807 adventum
562 775 619 806 filii
643 775 733 817 regis
757 775 912 812 Francie,
937 775 996 816 qui
1020 786 1097 806 cum
1121 778 1193 806 xum
1211 775 1375 806 militibus
1398 782 1470 806 erat
1493 777 1529 806 in
1554 776 1755 807 Guasconia.
1801 776 1934 806 Tamen

47 829 84 859 10
109 828 283 869 predictus
307 829 376 860 dux
399 828 563 868 impetum
587 828 691 868 cepit,
715 834 749 859 et
772 827 898 858 bellum
921 827 1088 859 commisit
1111 838 1187 859 cum
1213 828 1312 858 dictis
1328 827 1469 869 Anglie:
1496 834 1528 859 et
1552 829 1586 859 in
1609 829 1674 859 fine
1699 828 1763 859 fuit
1786 835 1937 859 mortuus

107 881 142 911 in
166 881 257 912 bello
283 891 359 912 cum
383 881 494 911 multis
518 881 560 911 de
585 880 658 911 aliis
674 880 758 917 suis;
783 886 817 912 et
833 880 927 911 multi
943 881 1114 922 fugerunt,
1139 887 1190 911 set
1213 890 1275 920 pro
1298 880 1420 912 maiori
1445 887 1541 920 parte
1564 882 1697 921 pedites
1720 881 1845 912 mortui
1862 881 1936 910 fue-

108 939 197 965 runt.
244 934 288 964 Et
311 934 422 965 dictus
445 943 505 964 rex
528 932 655 975 Anglie
679 943 756 963 cum
779 932 847 963 suis
870 932 960 963 stetit
983 933 1018 963 in
1035 933 1128 964 dicto
1153 943 1275 973 campo
1293 944 1356 973 per
1372 933 1455 964 duas
1480 933 1598 970 dietas,
1615 934 1775 965 continue
1799 939 1938 973 paratus

109 986 154 1017 ad
176 985 315 1023 bellum,
341 992 374 1017 et
396 986 523 1018 ibidem
553 986 589 1016 in
621 996 741 1026 campo
772 985 857 1016 fecit
889 985 1058 1016 celebrari
1083 986 1218 1017 missam
1250 986 1397 1026 Spiritus
1429 986 1546 1017 Sancti
1579 992 1612 1017 et
1643 992 1850 1017 mortuorum
1876 996 1937 1025 pro

108 1039 283 1070 animabus
306 1045 514 1071 mortuorum
539 1038 754 1070 existentium
777 1038 812 1068 in
835 1038 930 1069 dicto
948 1048 1084 1078 campo3
1110 1044 1142 1070 et
1160 1048 1285 1078 corpus
1301 1038 1390 1080 regis
1406 1039 1572 1080 Johannis
1587 1040 1772 1070 honorifice
1789 1039 1938 1080 sepelliri

47 1090 84 1123 15
109 1091 193 1122 fecit
209 1092 252 1123 ad
269 1092 450 1133 quamdam
474 1091 626 1123 abaciam
640 1090 650 1106 ²
673 1090 722 1122 ibi
747 1101 866 1131 prope,
879 1091 969 1122 unde
986 1097 1107 1132 postea
1123 1091 1279 1122 dominus
1296 1091 1445 1122 Karolus
1461 1091 1546 1122 filius
1564 1092 1634 1123 eius
1651 1093 1778 1132 portari
1795 1092 1881 1123 fecit
1904 1091 1938 1121 in

109 1144 250 1175 Boemia
274 1151 307 1175 et
330 1144 492 1184 sepelliri.
539 1144 660 1175 Tertio
685 1144 740 1174 die
763 1154 824 1174 rex
847 1142 971 1186 Anglie
995 1143 1137 1174 recessit
1167 1143 1210 1174 de
1242 1143 1336 1175 dicto
1369 1154 1490 1184 campo
1522 1154 1600 1175 cum
1632 1145 1780 1176 exercitu
1811 1155 1882 1182 suo,
1907 1150 1938 1175 et

108 1197 244 1228 iverunt
268 1197 450 1238 quamdam
467 1196 638 1228 civitatem
652 1196 798 1237 predicti
814 1196 904 1238 regis
919 1196 1074 1235 Francie‚
1091 1196 1226 1227 nomine
1245 1196 1375 1228 Callem
1392 1207 1494 1237 supra
1515 1207 1619 1235 mare,
1636 1204 1669 1228 et
1687 1197 1828 1229 obsessit
1853 1207 1937 1234 eam,

111 1255 145 1282 et
169 1255 334 1282 steterunt
357 1250 403 1281 ibi
427 1250 507 1280 satis
531 1256 596 1281 etc.
1481 1254 1485 1257 '

196 1303 330 1335 Eodem
353 1303 531 1334 millesimo
548 1312 714 1340 cccxrxr,
732 1303 786 1334 die
804 1303 949 1344 septimo
966 1302 1176 1343 septembris.
1201 1303 1366 1333 Dominus
1383 1303 1533 1334 marchio
1558 1303 1666 1345 Obico
1685 1309 1761 1340 etc.‚
1779 1304 1936 1334 dominus

45 1357 86 1387 20
111 1356 291 1388 Hostaxius
316 1356 359 1387 de
383 1356 538 1393 Polenta‚
563 1355 748 1388 Ghibertus
771 1356 816 1388 de
841 1356 967 1387 Sancto
991 1355 1097 1387 Vitali
1120 1360 1154 1386 et
1178 1355 1235 1386 alii
1258 1362 1523 1398 segregaverunt
1547 1357 1684 1387 civitate
1709 1356 1874 1393 Ferrarie,
1906 1363 1940 1387 et

107 1409 242 1440 iverunt
257 1408 303 1439 ad
318 1408 498 1449 hospitium
513 1408 647 1440 Abacie
660 1407 671 1424 ³
687 1408 861 1440 districtus
878 1407 1029 1451 Rodigii,
1047 1408 1112 1439 alio
1131 1408 1186 1439 die
1202 1408 1387 1444 Veronam,
1405 1409 1471 1440 alio
1489 1409 1544 1440 die
1560 1408 1779 1446 Pischeriam‚
1798 1409 1864 1440 alio
1882 1409 1937 1441 die

110 1461 154 1492 ad
177 1466 301 1492 terram
324 1460 453 1493 Nonati
477 1461 649 1493 districtus
673 1461 801 1493 domini
823 1461 971 1492 Luchini
995 1460 1221 1492 Vicecomitis
1243 1461 1278 1492 in
1306 1462 1464 1502 prandio,
1489 1462 1546 1493 ubi
1571 1468 1644 1493 erat
1667 1462 1822 1493 dominus
1846 1462 1939 1493 Maf-

110 1514 186 1545 feus
209 1514 424 1552 vicecomes,
442 1514 598 1545 dominus
622 1514 762 1557 Erucius
785 1514 874 1545 filius
899 1514 1061 1545 naturalis
1084 1513 1168 1545 dicti
1193 1514 1321 1546 domini
1344 1515 1504 1553 Luchini,
1522 1516 1579 1556 qui
1602 1522 1808 1556 receperunt
1831 1515 1939 1546 domi-

110 1578 190 1598 num
213 1566 461 1604 Marchionem,
487 1573 519 1598 et
544 1567 615 1598 eius
640 1567 832 1599 comitivam
854 1568 1051 1599 honorifice.
1096 1566 1177 1598 Alio
1202 1566 1259 1599 die
1277 1567 1410 1599 iverunt
1427 1567 1622 1609 Palaeolum
1637 1568 1648 1584 ⁴
1672 1569 1716 1599 ad
1740 1567 1936 1608 hospitium

46 1620 86 1650 25
112 1619 177 1650 alio
202 1618 256 1650 die
280 1619 316 1650 in
338 1619 483 1660 prandio
508 1626 655 1651 castrum
678 1619 940 1662 Martelenghi³‚
967 1626 1000 1651 et
1023 1619 1067 1650 ad
1090 1619 1275 1660 hospitium
1291 1626 1416 1651 terram
1443 1619 1593 1658 Cassam,
1611 1620 1666 1652 ubi
1691 1626 1763 1652 erat
1786 1621 1941 1652 dominus

111 1672 392 1714 archiepiscopus
415 1672 629 1710 Vicecomes,
661 1678 695 1704 et
724 1673 850 1704 frater'
882 1673 1028 1714 predicti
1053 1673 1180 1704 domini
1210 1673 1368 1709 Luchini,
1400 1673 1458 1715 qui
1490 1674 1669 1705 honoravit
1700 1684 1758 1705 eos
1788 1674 1938 1705 multum.

111 1725 193 1757 Alio
218 1726 285 1763 die,
308 1726 443 1757 scilicet
474 1736 553 1757 xmr
584 1726 798 1767 septembris,
822 1737 939 1757 omnes
971 1727 1105 1758 iverunt
1136 1727 1310 1758 civitatem
1342 1726 1532 1758 Mediolani
1564 1738 1641 1758 cum
1673 1727 1766 1758 dicto
1798 1726 1939 1758 domino

110 1778 381 1819 archiepiscopo,
406 1779 523 1821 ibique
546 1779 750 1811 invenerunt
773 1778 947 1811 dominum
970 1779 1160 1811 Luchinum
1178 1778 1436 1816 Vicecomitem,
1454 1786 1487 1810 et
1508 1780 1744 1811 conduxerunt
1767 1779 1942 1811 dominum

113 1831 349 1863 Marchionem
373 1839 406 1864 et
429 1832 516 1863 alios
539 1842 615 1863 suos
639 1832 673 1862 in
697 1832 798 1864 domo
823 1839 856 1864 et
872 1832 1080 1864 habitatione
1105 1832 1188 1864 dicti
1206 1832 1335 1863 domini
1352 1833 1615 1874 archiepiscopi,
1632 1839 1666 1864 et
1684 1833 1756 1864 aliis
1772 1832 1940 1869 domibus,

49 1885 90 1916 30
115 1890 147 1915 et
179 1885 338 1926 expensis
368 1885 495 1916 domini
527 1885 779 1927 archiepiscopi
806 1891 839 1917 et
863 1885 993 1916 domini
1015 1885 1177 1917 Luchini.
1223 1885 1344 1927 Ibique
1369 1886 1469 1916 etiam
1492 1886 1585 1917 venit
1607 1885 1765 1917 dominus
1788 1885 1938 1916 marchio

110 1937 373 1974 Montisferrati‚
407 1937 564 1969 dominus
588 1938 800 1969 Castellanus
824 1939 868 1969 de
891 1938 1058 1970 Beccaria
1082 1938 1238 1970 dominus
1262 1938 1366 1980 Papie
1379 1939 1400 1976 ⁶,
1427 1945 1460 1970 et
1483 1938 1542 1968 alii
1567 1938 1696 1970 nobiles
1720 1937 1935 1969 Lombardie.

113 1989 194 2027 Qui,
218 1989 349 2022 scilicet
365 1990 521 2022 dominus
537 1991 689 2022 marchio
713 1991 873 2029 Estensis‚
891 1991 1046 2022 dominus
1062 1991 1214 2023 marchio
1231 1991 1483 2023 Montisferrati
1495 1990 1519 2029 ⁷,
1537 1991 1691 2023 dominus
1714 1991 1939 2029 Castellanus‚

112 2043 269 2074 dominus
293 2043 478 2074 Hostaxius
503 2043 547 2074 de
571 2043 716 2075 Polenta
743 2050 776 2075 et
807 2044 863 2075 alii
886 2050 1066 2075 tenuerunt
1088 2044 1133 2075 ad
1161 2054 1294 2075 sacrum
1319 2044 1520 2085 baptismum
1549 2045 1633 2076 duos
1656 2044 1743 2076 filios
1765 2044 1934 2075 masculos

114 2096 197 2127 dicti
221 2095 348 2127 domini
379 2095 528 2128 Luchjni
551 2096 784 2134 Vicecomitis‚
809 2107 892 2139 quos
916 2096 1034 2128 ambos
1056 2097 1193 2139 peperit
1220 2108 1306 2128 uxor
1338 2098 1420 2128 eius.
1466 2097 1598 2128 Primus
1629 2097 1766 2139 quidem
1798 2104 1938 2128 vocatus

48 2147 90 2180 35
115 2154 167 2180 est
188 2148 374 2187 Luchinus,
392 2149 459 2180 alio
476 2159 556 2181 vero
581 2150 764 2191 JohanneS‚
781 2150 903 2192 quibus
928 2156 1119 2191 compatres
1141 2151 1288 2191 predicti
1307 2150 1501 2181 obtulerunt
1523 2149 1734 2181 honorabilia
1758 2150 1848 2180 dona
1873 2156 1937 2181 etc.

199 2201 332 2232 Eodem
356 2201 534 2233 millesimo
559 2207 593 2232 et
616 2213 741 2233 mense.
765 2202 930 2233 Dominus
952 2202 1104 2233 marchio
1122 2202 1231 2244 Obico
1249 2201 1391 2233 estensis
1409 2207 1474 2233 etc.
1494 2202 1690 2243 pacificavit
1707 2212 1783 2233 cum
1801 2202 1939 2233 domino

111 2253 268 2286 Luchino
291 2254 505 2286 Vicecomite
522 2255 556 2286 in
574 2255 710 2287 civitate
733 2255 934 2294 Mediolani,
952 2256 1112 2297 quoniam
1129 2256 1222 2297 prius
1247 2255 1349 2287 amici
1366 2265 1434 2286 non
1451 2261 1556 2294 erant,
1573 2255 1651 2297 quia
1667 2255 1822 2286 dominus
1845 2254 1938 2285 Mar-

113 2306 190 2338 chio
216 2307 392 2339 obtinebat
416 2307 586 2338 civitatem
609 2307 743 2346 Parme,
768 2318 867 2349 quam
891 2314 1020 2340 emerat
1045 2319 1064 2339 a
1088 2309 1224 2340 domino
1255 2307 1398 2350 Accone
1428 2308 1471 2339 de
1496 2307 1651 2351 Corigia⁸
1677 2314 1796 2339 contra
1819 2308 1939 2339 volun-

110 2365 237 2400 ptatem
262 2359 393 2391 domini
415 2360 586 2397 Luchini;
611 2370 715 2402 quare
733 2361 890 2392 dominus
905 2360 1064 2392 Marchio
1081 2371 1149 2392 non
1167 2360 1283 2392 valens
1306 2360 1479 2392 civitatem
1504 2360 1657 2391 obtinere
1677 2366 1795 2392 contra
1818 2366 1941 2401 poten-

48 2413 89 2443 40
113 2412 193 2443 tiam
217 2412 346 2444 domini
368 2412 527 2450 Luchini,
553 2413 718 2455 cogitavit
740 2413 919 2455 pacificari
943 2425 1019 2446 cum
1044 2423 1096 2452 eo,
1128 2420 1161 2445 et
1188 2420 1225 2445 ut
1256 2413 1376 2445 melius
1400 2419 1513 2455 posset
1545 2414 1645 2445 etiam
1676 2413 1834 2445 resistere
1866 2413 1940 2444 aliis

205 2528 229 2554 5.
249 2530 349 2548 ccccm
368 2524 480 2549 BMUR.
501 2537 533 2542 -—
552 2523 576 2548 6.
596 2526 623 2548 et
642 2532 688 2548 om.
709 2524 787 2550 MUR.
807 2537 817 2542 -
837 2533 997 2556 recuperare
1016 2533 1082 2549 corr.
1102 2525 1180 2550 Mun.
1199 2539 1230 2542 —
1250 2531 1275 2556 7.
1294 2533 1408 2558 sperans
1427 2533 1474 2548 om.
1494 2525 1572 2549 Mna.
1586 2538 1617 2541 ——
1640 2532 1680 2550 12.
1700 2524 1778 2556 duas]
1799 2525 1868 2548 duos
1881 2524 1939 2548 AB

117 2578 149 2582 ——
171 2571 211 2595 15.
231 2566 302 2590 unde
319 2567 419 2597 postea
437 2566 558 2597 togliamo
577 2567 611 2589 da
630 2566 708 2591 Mun.
728 2579 739 2584 -
753 2566 895 2590 dominum
910 2567 1043 2592 Kar-olum
1057 2567 1145 2590 filium
1159 2567 1182 2590 A
1192 2567 1217 2589 B
1232 2580 1263 2583 —
1280 2572 1318 2597 17.
1332 2574 1412 2599 super
1425 2567 1503 2592 Mun.
1516 2581 1548 2584 —
1562 2573 1604 2597 32.
1616 2567 1746 2591 dominus
1760 2567 1822 2597 dopo
1835 2567 1941 2590 scilicet

115 2615 164 2631 om.
183 2607 292 2631 BMUR.
311 2621 344 2625 —
364 2607 405 2639 36.
426 2608 575 2632 millesimo
596 2609 624 2631 et
643 2615 691 2632 om.
712 2608 788 2632 Mun.
808 2621 818 2626 -
837 2608 925 2642 Obico
943 2617 990 2632 om.
1011 2609 1122 2633 BMun.

202 2693 210 2709 ¹
230 2695 252 2718 11
270 2695 376 2719 Villani
397 2696 457 2719 dice
476 2702 545 2725 3000
565 2696 695 2719 cavalieri
713 2703 727 2719 e
746 2702 814 2727 4000
833 2696 944 2726 pedoni.
1054 2697 1154 2721 Parma
1173 2697 1215 2720 col
1233 2696 1317 2720 titolo
1338 2697 1366 2720 di
1386 2696 1490 2719 vicario
1510 2697 1585 2729 regio
1600 2696 1642 2720 nel
1664 2703 1736 2729 1332.
1774 2697 1813 2720 Fu
1831 2698 1942 2729 signore

72 2739 85 2765 5
202 2735 212 2751 ‘-'
231 2737 253 2760 ΙΙ
273 2737 379 2761 Vsslani
399 2738 424 2761 la
444 2738 553 2762 chiama
573 2738 659 2761 Badia
683 2737 711 2761 di
730 2737 889 2770 Rincampb
914 2737 999 2769 (cioez
1055 2738 1084 2761 di
1102 2738 1190 2762 Pavia
1215 2738 1258 2761 col
1283 2738 1395 2762 fratello
1423 2737 1540 2761 Fiorello
1560 2738 1593 2761 ed
1613 2738 1621 2761 i
1648 2738 1745 2769 cugini
1768 2738 1908 2762 Rainaldo
1927 2745 1941 2761 e

115 2778 286 2811 Ourscamp).
1057 2780 1174 2803 Milano.
1209 2779 1252 2803 Ct'.
1278 2780 1430 2809 ROBOLINI,
1456 2779 1558 2802 Notizie
1582 2781 1766 2809 appartenenti
1789 2779 1843 2802 alla
1862 2781 1942 2802 storia

204 2818 214 2835 ³
234 2821 323 2844 BadIa
340 2821 473 2845 Polenine
492 2829 508 2845 a
530 2827 565 2852 30
584 2822 631 2845 kil.
651 2822 724 2845 circa
744 2821 778 2844 da
798 2820 921 2853 Rovigo.
1056 2821 1125 2844 della
1143 2828 1190 2843 sua
1205 2823 1309 2852 patria,
1328 2821 1414 2845 Pavia
1436 2821 1511 2851 1832,
1529 2820 1576 2849 lv,
1596 2826 1630 2849 11,
1649 2828 1674 2852 p.
1696 2827 1755 2851 214.

201 2861 211 2876 ⁴
231 2863 376 2887 Paluzzolo
395 2863 540 2895 sull'Oglio
562 2871 577 2887 a
597 2863 630 2887 28
649 2863 696 2886 kil.
722 2865 795 2886 circa
821 2864 854 2886 da
880 2864 1001 2887 Brescia.
1143 2861 1152 2876 ⁷
1172 2862 1316 2886 Giovanni
1337 2863 1361 2886 11
1381 2863 1540 2893 Paleologo.

201 2902 211 2916 ⁵
233 2904 412 2935 Martinengo
432 2912 447 2928 a
470 2905 500 2929 18
518 2905 565 2929 kil.
584 2904 659 2929 circa
679 2905 713 2927 da
734 2905 880 2936 Bergamo.
1143 2903 1154 2918 5
1172 2905 1184 2927 I
1197 2905 1269 2934 patti
1282 2911 1352 2927 sono
1366 2904 1431 2928 fatti
1443 2911 1593 2928 conoscere
1604 2904 1638 2927 da
1650 2905 1721 2928 altre
1734 2904 1817 2928 fonti.
1838 2905 1941 2928 Obizzo

58 2953 90 2970 10
203 2944 214 2960 ⁶
233 2946 394 2970 Castenano
419 2954 436 2970 o
456 2945 607 2970 Castellino
634 2947 758 2970 Beccaria
786 2946 812 2969 fu
838 2945 953 2978 pedestri
973 2947 1002 2970 (11
1057 2946 1125 2970 volle
1144 2954 1230 2970 essere
1248 2947 1416 2971 rimborsato
1436 2946 1480 2969 del
1501 2946 1605 2969 danai-0
1625 2953 1705 2978 speso
1718 2947 1753 2970 ad
1772 2946 1941 2977 acquistarla

118 2987 246 3018 Voghera
266 2989 310 3011 nel
326 2994 390 3019 13²0
409 2995 423 3011 e
437 2988 465 3011 di
478 2989 591 3012 Novata
613 2989 654 3012 nel
676 2994 833 3019 ¹3³3=13²4-
870 2987 1001 3012 Governo
1056 2988 1090 3012 da
1111 2989 1183 3011 Azzo
1202 2988 1237 3012 da
1257 2987 1421 3019 Correggio.

2016 1684 2090 1705 Mum,
2110 1689 2147 1706 43¹
