2360 3603
123 234 173 272 [A.
193 236 284 272 1348]
749 230 1059 265 CHRONICON
1089 229 1315 265 ESTENSE
1863 229 1932 264 163

211 362 341 394 Eodem
365 362 546 394 millesimo
570 368 604 394 et
627 372 750 393 mense.
798 362 962 394 Dominus
985 372 1074 403 papa
1097 361 1255 394 Clemens
1279 368 1391 393 sextus
1413 362 1535 392 iterum
1560 362 1645 393 fecit
1669 362 1865 403 desponsari
1883 373 1935 392 re-

123 414 236 457 ginam
261 415 450 457 Johannam
474 426 494 446 a
517 414 655 446 domino
679 415 845 457 Ludoyco
869 414 1024 456 principe
1047 414 1216 451 Tarantri,
1241 421 1273 445 et
1298 414 1474 446 constituit
1498 425 1556 446 eos
1579 424 1693 457 regem
1727 420 1761 446 et
1782 414 1934 456 reginam

122 468 219 510 regni
244 466 380 509 Apulie.

210 521 343 553 Eodem
366 521 558 558 millesimo,
582 520 637 552 die
661 521 727 552 XI1⁰
750 520 863 552 madii.
914 521 1077 552 Dominus
1101 520 1291 552 Pandultus
1319 520 1404 551 tilius
1436 520 1563 552 domini
1588 521 1766 552 Malateste
1792 520 1835 552 de
1859 519 1936 551 Ari-

81 573 98 605 5
123 573 213 605 mino
237 573 331 605 venit
353 574 544 605 Ferrariam
568 573 611 605 ad
636 573 820 605 videndum
846 573 1060 616 magnificum
1085 573 1256 605 dominum
1282 573 1453 605 dominum
1484 573 1671 614 Obiconem
1704 573 1934 605 marchionem

123 632 292 658 estensem
317 625 391 658 etc!

205 678 336 710 Eodem
361 679 549 716 millesimo,
581 678 635 710 die
668 679 790 710 xx1111⁰
820 680 944 710 mensis
975 679 1089 710 madii.
1136 679 1186 710 De
1210 679 1371 710 mandato
1395 679 1521 711 domini
1544 678 1692 710 Luchini
1715 678 1935 710 Vicecomitis

120 741 264 762 comune
289 730 459 763 Cremone
483 737 516 762 et
541 731 688 774 Bryssye
712 731 910 763 direxerunt
932 731 1092 769 sindicos‚
1110 737 1142 763 et
1158 731 1331 763 tubatores
1347 741 1424 763 suos
1440 730 1598 768 Mantue3
1617 737 1650 762 et
1666 741 1768 772 super
1791 731 1935 773 plateam

121 784 212 815 dicte
236 784 384 816 civitatis
407 785 541 825 bapniri
565 784 724 816 fecerunt
749 795 790 816 ex
813 790 912 825 parte
937 784 1104 816 dictorum
1130 785 1336 821 comunium,
1361 785 1453 826 quod
1469 785 1560 815 infra
1575 791 1653 816 octo
1670 784 1743 815 dies
1759 784 1936 816 Mantuani

59 837 97 868 10
121 837 252 869 restitui
276 837 443 869 deberent
467 837 581 869 omnia
605 843 715 869 castra
739 844 772 868 et
794 837 982 875 fortilitias‚
1007 847 1090 879 quas
1113 837 1322 874 obtinebant,
1339 837 1509 869 dictorum
1527 837 1731 874 comunium,
1747 843 1781 869 et
1796 837 1938 875 reditus,

121 900 205 931 quos
228 890 417 922 habuerant
440 901 460 921 a
483 890 537 922 die
559 890 667 931 prime
692 890 865 932 captionis
887 900 994 932 usque
1017 890 1051 921 in
1075 889 1135 921 illa
1166 890 1233 927 die,
1264 890 1416 932 alioquin
1447 889 1648 922 diffidebant
1677 900 1737 921 eos
1768 900 1810 921 ex
1841 895 1938 931 parte

122 942 291 974 dictorum
315 944 510 975 comunium
535 949 598 975 etc.

207 995 339 1028 Eodem
362 996 555 1034 millesimo,
572 996 628 1027 die
645 999 747 1027 XXVI⁰
771 996 895 1027 mensis
919 995 1033 1027 madii.
1072 996 1235 1027 Dominus
1250 995 1399 1038 Jacobus
1415 995 1458 1027 de
1477 996 1617 1027 Cararia
1633 996 1788 1027 domiuus
1808 994 1936 1031 Padue,

119 1053 153 1079 et
176 1048 333 1080 dominus
356 1049 531 1091 Johannes
554 1049 597 1080 de
621 1048 764 1090 Pepulis
787 1048 942 1080 dominus
966 1047 1121 1080 Bononio
1145 1054 1312 1080 venerunt
1328 1048 1519 1080 Ferrariam
1537 1049 1579 1080 ad
1595 1048 1841 1090 parlamentum
1860 1059 1935 1080 cum

59 1100 96 1132 15
121 1101 259 1133 domino
282 1101 482 1134 marchione
507 1101 674 1143 Obicone.

208 1155 339 1186 Eodem
363 1155 543 1186 millesimo
569 1161 602 1186 et
628 1165 755 1186 mense.
801 1154 965 1186 Dominus
997 1154 1183 1186 Galeoctus
1214 1154 1258 1186 de
1289 1154 1481 1186 Malatestis
1505 1155 1548 1186 de
1576 1153 1742 1192 Arimino,
1772 1154 1936 1186 recedens

121 1206 227 1245 Fano,
251 1207 425 1250 ingressus
440 1214 491 1239 est
508 1207 679 1239 civitatem
703 1206 845 1238 Abscoli
860 1206 880 1244 ¹,
897 1212 931 1238 et
948 1207 990 1238 de
1006 1207 1214 1249 volumptate
1232 1206 1355 1238 civium
1373 1207 1464 1239 dicte
1488 1207 1635 1239 civitatis
1652 1207 1938 1239 confirmaverunt

120 1260 230 1301 ipsum
255 1260 429 1292 dominum
453 1259 608 1292 Abscoli.

207 1313 340 1345 Eodem
358 1314 536 1345 millesimo
553 1320 586 1345 et
604 1324 731 1345 mense.
763 1313 927 1345 Dominus
944 1324 1002 1345 rex
1019 1313 1173 1355 Ungarie
1191 1319 1224 1344 et
1240 1324 1300 1344 rex
1317 1313 1497 1355 Neapolim
1515 1318 1550 1344 et
1567 1313 1666 1344 totius
1684 1312 1808 1354 Apulie
1824 1323 1936 1345 reces-

56 1367 98 1398 20
120 1366 162 1397 sit
184 1366 226 1397 de
250 1366 352 1398 dictis
373 1366 536 1408 partibuS‚
560 1373 593 1398 et
616 1378 676 1408 per
701 1377 793 1398 mare
816 1367 985 1408 ingressus
1009 1373 1042 1398 et
1063 1377 1220 1397 reversus
1237 1368 1337 1398 estin
1354 1366 1551 1408 Ungariam‚
1569 1372 1602 1398 et
1619 1366 1745 1398 dimisit
1762 1366 1796 1397 in
1813 1366 1938 1408 Apulia

120 1419 285 1450 vicarium
309 1431 416 1457 suum,
441 1426 474 1451 et
497 1420 563 1451 hoc
588 1426 730 1461 propter
753 1419 931 1450 maximam
955 1425 1084 1460 pestem
1109 1419 1333 1456 mortalitatis,
1357 1429 1423 1461 que
1447 1419 1568 1450 eratin
1585 1418 1720 1450 civitate
1745 1419 1938 1460 Neapolim.

207 1473 339 1505 Eodem
364 1473 543 1504 millesimo
567 1479 600 1504 et
624 1482 741 1504 meuse
756 1472 852 1515 junii.
898 1472 1060 1504 Dominus
1083 1472 1249 1503 Mastinus
1273 1472 1364 1503 dela
1388 1471 1491 1504 Scala
1507 1482 1583 1503 cum
1600 1482 1660 1503 suo
1678 1472 1830 1504 exercitu
1846 1472 1940 1514 equi-

119 1531 278 1558 taverunt
301 1536 402 1567 super
426 1526 615 1557 districtum
639 1526 781 1557 Mantue
806 1526 896 1563 loco,
913 1525 970 1566 qui
988 1524 1113 1557 dicitur
1137 1525 1306 1567 Bigarelle
1320 1524 1343 1563 ²,
1361 1525 1488 1557 deinde
1505 1525 1671 1556 Canetum
1682 1524 1704 1562 ³,
1720 1525 1846 1558 deinde
1863 1524 1940 1556 Bel-

120 1579 244 1611 fortem
258 1579 281 1616 ⁴,
305 1586 340 1611 et
364 1579 501 1611 Voltam
515 1578 536 1617 ⁵,
561 1578 686 1611 deinde
710 1579 856 1610 firmavit
879 1578 1065 1610 exercitum
1089 1589 1185 1609 suum
1217 1578 1438 1610 Curtatonem
1452 1577 1474 1616 ⁶,
1505 1583 1539 1609 et
1571 1577 1607 1610 in
1638 1577 1739 1610 dictis
1770 1578 1856 1610 locis
1887 1577 1938 1608 fe-

56 1631 97 1663 25
122 1638 241 1664 cerunt
264 1632 443 1663 maximum
470 1632 632 1673 dapnum.

207 1685 338 1716 Eodem
355 1684 532 1716 millesimo
549 1690 583 1716 et
599 1694 714 1716 mense
729 1684 824 1727 junii.
849 1683 1012 1715 Dominus
1027 1684 1202 1726 Johannes
1218 1684 1262 1715 de
1278 1683 1510 1726 Albergetinis
1527 1683 1571 1715 de
1588 1684 1754 1715 Faventia
1771 1683 1941 1715 tractabat

120 1747 197 1769 cum
220 1737 339 1769 amicis
362 1738 430 1769 suis
453 1737 546 1769 dicte
571 1737 728 1775 civitatis,
752 1743 788 1769 ut
812 1737 1013 1768 occiderent
1038 1737 1195 1768 comitem
1220 1736 1465 1768 Romandiole:
1491 1737 1582 1778 quod
1605 1736 1759 1778 pervenit
1783 1737 1827 1768 ad
1843 1745 1941 1767 aures

121 1789 204 1821 dicti
232 1790 392 1827 Comitis;
418 1796 629 1832 quapropter
649 1790 772 1822 Comes
795 1790 879 1821 fecit
901 1789 977 1831 capi
1002 1789 1234 1821 Guillielmum
1259 1790 1301 1821 de
1325 1789 1495 1831 Boncanis
1519 1790 1562 1821 de
1586 1790 1762 1827 Faventia,
1795 1795 1829 1820 et
1858 1789 1942 1820 fecit

122 1853 198 1874 eum
222 1842 421 1885 decapitari.
467 1843 569 1874 Tunc
593 1842 751 1874 dominus
773 1842 950 1885 Johannes
974 1842 1063 1884 fugit
1088 1848 1183 1873 extra
1206 1842 1376 1873 civitatem
1402 1853 1479 1873 cum
1503 1842 1620 1873 amicis
1644 1841 1711 1873 suis
1735 1848 1769 1873 et
1800 1841 1943 1884 ingressi

57 1896 98 1927 30
121 1901 199 1927 sunt
223 1902 370 1927 castrum
393 1894 580 1938 Sacarum⁷
604 1894 687 1927 dicti
712 1894 841 1927 domini
865 1894 1044 1937 Johannis;
1069 1900 1145 1936 post
1168 1904 1298 1936 paucos
1320 1905 1401 1926 vero
1418 1894 1491 1926 dies
1508 1894 1697 1926 habuerunt
1714 1894 1847 1926 insimul
1864 1905 1941 1926 cum

124 1948 258 1981 Comite
283 1948 505 1980 concordiam
529 1950 610 1980 etc!

209 2000 342 2033 Eodem
366 2001 554 2038 millesimo,
577 2001 756 2033 millesimo
779 2010 968 2033 cccnvm.
1014 2000 1191 2032 Mantuani
1216 1999 1379 2032 antedicti
1403 2007 1542 2042 propter
1572 1999 1714 2037 cridam,
1745 2011 1844 2042 quam
1869 2000 1942 2032 fieri

122 2055 280 2086 fecerunt
303 2063 448 2086 comune
471 2054 641 2086 Cremone
666 2060 701 2086 et
724 2053 872 2097 Bryssie,
895 2054 1077 2085 noluerunt
1100 2054 1279 2084 restituere
1309 2060 1431 2090 castra,
1462 2064 1526 2095 que
1552 2053 1752 2085 obtinebant
1775 2053 1942 2085 dictorum

124 2108 329 2147 comunium,
353 2119 458 2150 quare
482 2109 526 2139 de
550 2107 756 2149 volumptate
781 2107 908 2139 domini
931 2106 1078 2139 Luchini
1094 2106 1328 2144 Vicecomitis‚
1353 2113 1386 2138 et
1409 2107 1533 2138 auxilio
1553 2106 1623 2138 eius
1647 2112 1943 2149 congregaverunt

60 2159 100 2192 35
124 2161 313 2193 exercitum
337 2161 518 2192 maximum
544 2161 680 2192 navium
705 2167 739 2192 et
762 2161 913 2203 gentium
938 2160 1146 2202 equestrium
1178 2166 1212 2191 et
1242 2160 1404 2201 peditum,
1436 2166 1471 2192 et
1500 2159 1643 2202 ingressi
1666 2166 1743 2191 sunt
1766 2159 1944 2191 Caxalem-

124 2213 311 2246 maiorem‘³
335 2213 512 2245 districtus
535 2213 716 2252 Cremone,
741 2220 775 2245 et
797 2213 989 2244 habuerunt
1013 2213 1158 2255 burgum
1183 2213 1274 2244 dicte
1305 2218 1405 2251 terre,
1436 2212 1561 2244 deinde
1592 2211 1784 2243 habuerunt
1814 2221 1941 2249 rocam,

126 2266 251 2299 deinde
282 2266 425 2299 Planam
438 2265 460 2306 ⁹,
490 2273 524 2299 et
550 2277 666 2299 rocam
699 2267 791 2298 dicte
822 2273 923 2305 terre,
954 2266 1082 2298 deinde
1114 2266 1256 2309 burgum
1288 2265 1397 2298 Axule
1414 2265 1449 2302 ¹⁰,
1479 2265 1604 2297 deinde
1640 2264 1939 2296 Montem-clarum

125 2318 297 2352 districtus
320 2320 468 2363 Bryssie‚
492 2326 525 2352 et
548 2321 633 2352 alias
656 2319 832 2352 fortilitias
856 2319 1024 2352 Cremone
1043 2325 1076 2350 et
1099 2319 1249 2362 Bryssie,
1272 2319 1337 2350 nisi
1361 2318 1572 2350 Solsarinum
1588 2317 1621 2356 ¹¹,
1645 2323 1680 2349 et
1701 2317 1845 2360 ingressi
1868 2323 1945 2348 sunt

126 2371 427 2415 Burgum-fortem,
451 2378 485 2405 et
509 2373 735 2404 castrametati
759 2378 835 2404 sunt
862 2372 921 2403 ibi.

216 2494 240 2512 2.
259 2489 323 2518 dopo
338 2488 496 2519 Johannam
514 2497 594 2521 segue
614 2489 640 2512 in
660 2489 684 2512 A
704 2489 738 2512 ad
759 2489 905 2512 dominum
926 2489 1033 2512 cancell.
1054 2496 1099 2512 con
1118 2496 1151 2511 un
1171 2488 1232 2519 rigo
1251 2500 1261 2505 -
1281 2487 1398 2511 Taranti
1419 2495 1487 2511 corr.
1506 2488 1584 2511 MUR.
1605 2501 1634 2504 —
1655 2492 1680 2517 5.
1693 2486 1883 2510 marchionem
1897 2494 1944 2510 om.

131 2529 242 2554 BMUR.
262 2543 294 2547 —-
314 2530 338 2554 8.
357 2531 502 2555 Mantuam
520 2539 590 2555 corr.
610 2531 688 2555 Mun.
708 2544 739 2547 —-
763 2537 801 2554 10.
821 2531 967 2554 restituere
986 2539 1054 2554 corr.
1074 2531 1151 2554 Mun.
1171 2543 1203 2547 —
1226 2537 1265 2553 11.
1284 2529 1448 2553 diffidabant
1467 2537 1535 2553 corr.
1555 2529 1632 2553 Mun.
1652 2542 1684 2545 —
1701 2528 1739 2552 16.
1755 2528 1904 2552 millesimo
1918 2530 1945 2552 et

130 2578 179 2596 om.
198 2571 276 2596 MUR.
295 2585 328 2590 -
350 2579 388 2604 19.
408 2572 584 2597 Eodem.
603 2572 642 2604 et]
663 2574 704 2596 De
724 2572 801 2597 Mun.
821 2585 853 2590 —
874 2572 915 2596 26.
936 2573 1087 2596 millesimo
1107 2574 1134 2596 et
1153 2580 1200 2596 om.
1220 2571 1298 2596 Mun.
1318 2585 1349 2589 —-
1370 2578 1411 2603 32.
1431 2571 1583 2595 millesimo
1602 2577 1748 2595 ccchvnr
1767 2578 1814 2594 om.
1834 2570 1911 2594 Mun.

216 2657 224 2674 ¹
244 2660 342 2684 Ascoli
362 2660 467 2684 Piceno
486 2668 502 2685 a
524 2666 573 2692 170
592 2661 641 2685 kil.
661 2661 734 2684 circa
754 2661 788 2684 da
807 2661 895 2685 Fano.
1065 2668 1134 2684 com.
1149 2661 1176 2684 di
1196 2660 1376 2691 Brisighella,
1397 2667 1411 2683 a
1430 2660 1512 2684 breve
1531 2659 1662 2684 distanza
1687 2658 1721 2682 da
1746 2659 1863 2682 Faenza.
1901 2658 1947 2684 Cf.

87 2704 100 2729 5
216 2699 226 2716 ²
246 2702 391 2733 Bigarello
410 2709 425 2725 a
447 2708 476 2727 12
496 2702 547 2726 kil.
567 2703 600 2727 da
619 2703 766 2727 Mantova.
1068 2704 1168 2732 Corpus
1189 2703 1282 2727 Chron.
1303 2702 1410 2731 Bonam,
1429 2702 1458 2726 in
1482 2703 1544 2726 RR.
1566 2702 1604 2725 ll.
1624 2702 1684 2731 SS,
1708 2700 1808 2730 XVIII,
1827 2707 1854 2731 p.
1873 2706 1893 2729 1,
1918 2708 1944 2733 p.

214 2741 226 2758 ³
245 2742 377 2767 Canneto
397 2743 554 2776 sull‘Oglio
575 2753 589 2768 a
608 2751 641 2776 49
661 2744 711 2768 kil.
731 2745 766 2768 da
785 2744 906 2768 Brescia.
1065 2743 1124 2776 596,
1145 2746 1213 2767 nota
1236 2750 1245 2766 1
1267 2743 1305 2774 (n.
1325 2742 1388 2775 ed.).

216 2782 228 2798 ⁴
248 2784 373 2809 Belforte
394 2785 518 2810 frazione
537 2786 564 2809 di
585 2785 726 2810 Gazzuolo
747 2793 761 2809 a
776 2792 808 2809 20
821 2785 870 2809 kil.
886 2786 920 2809 da
932 2785 1010 2809 Man·
1151 2784 1162 2801 8
1181 2785 1411 2817 Casalmaggiore
1431 2792 1446 2808 a
1465 2783 1498 2808 68
1517 2785 1568 2808 kil.
1589 2785 1622 2808 da
1641 2784 1753 2808 Breseia
1772 2792 1786 2808 e
1811 2791 1827 2808 a
1852 2791 1884 2815 43
1909 2785 1944 2808 da

130 2828 207 2851 tova.
1066 2827 1214 2852 Cremona.

218 2866 228 2882 ⁵
247 2868 332 2893 Volta
352 2869 526 2893 Mantovana
546 2878 562 2894 o
588 2871 616 2894 di
640 2870 782 2894 Cavriana
807 2878 821 2893 a
842 2876 873 2893 22
901 2869 950 2894 kil.
977 2869 1011 2892 da
1152 2868 1163 2884 9
1181 2869 1306 2893 Piadena
1326 2876 1341 2892 a
1361 2876 1394 2900 30
1414 2869 1464 2893 kil.
1484 2870 1518 2893 da
1538 2868 1676 2893 Cremona
1695 2876 1708 2892 e
1729 2874 1759 2899 52
1775 2867 1809 2892 da
1824 2868 1943 2892 Brescia.

74 2916 105 2933 10
132 2910 268 2934 Mantova
288 2918 301 2934 e
322 2916 355 2941 50
374 2911 408 2934 da
427 2911 546 2936 Brescia.
1154 2909 1174 2925 ¹⁰
1192 2911 1281 2934 Asola
1301 2918 1314 2934 a
1335 2917 1367 2942 34
1387 2910 1437 2934 kil.
1456 2911 1490 2934 da
1510 2910 1645 2934 Mantova
1664 2917 1678 2934 e
1697 2917 1729 2941 41
1751 2910 1785 2933 da
1804 2910 1928 2934 Brescia.

218 2949 229 2966 θ
248 2951 406 2976 Curtatone
425 2959 441 2976 a
459 2950 519 2986 6¹s,
537 2953 587 2978 kil.
608 2953 643 2978 da
662 2953 809 2977 Mantova.
1155 2951 1173 2967 ¹¹
1193 2952 1337 2977 Solferino
1357 2960 1372 2976 a
1392 2959 1423 2983 35
1444 2952 1494 2976 kil.
1515 2953 1549 2976 da
1569 2952 1714 2976 Mantova.

216 2991 227 3008 ⁷
246 2994 290 3018 Da
310 2994 482 3018 identifieare
502 2995 577 3019 forse
597 3003 648 3019 con
675 2996 794 3020 Gattara
820 2995 948 3019 srazione
967 2995 1011 3018 del

1976 2748 2004 2773 15

1976 2959 2009 2977 20

1999 688 2076 713 Mum,
2091 694 2127 712 ⁴51
