2360 3603
153 231 235 266 [AA.
257 231 450 266 1353-1354]
779 223 1090 259 CHRONICON
1120 224 1285 260 ESTEN
1289 225 1347 259 SE
1903 227 1966 262 191

152 357 262 388 netias
286 357 331 388 ad
358 367 479 397 pacem
511 357 725 388 tractandam
756 356 847 387 inter
878 366 1023 387 comune
1055 355 1269 387 Venetorum
1302 362 1335 387 et
1366 366 1511 388 comune
1540 357 1771 398 Januensium.
1804 363 1839 388 et
1868 357 1974 388 nichil

152 410 325 440 fecerunt.
499 412 501 414 ’

240 461 370 493 Eodem
394 461 584 493 millesimo.
630 460 801 492 Conducti
826 461 968 492 fuerunt
999 461 1167 492 Venetias
1197 472 1326 499 omnes,
1359 462 1417 503 qui
1442 463 1532 503 capti
1567 463 1704 495 fuerant
1735 463 1777 494 de
1809 463 1972 494 conflictu

150 513 389 556 Januensium'
415 520 449 546 et
473 514 597 545 reclusi
622 514 819 545 carceribus
844 514 1057 546 Venetorum
1083 519 1148 545 etc.

111 567 128 597 5
240 566 373 598 Eodem
398 567 588 604 millesimo,
613 572 645 597 et
668 577 783 598 mense
807 566 1014 603 novembris,
1047 572 1145 597 natus
1176 573 1226 598 est
1258 567 1397 598 domino
1430 568 1621 600 Bernabovi
1652 568 1859 600 Vicecomiti
1885 568 1972 599 filius

152 619 332 656 masculus,
355 625 390 651 et
415 620 553 651 Marcus
569 619 577 635 ¹
603 625 653 650 est
676 628 800 650 nomen
825 620 908 650 eius.
955 618 1010 650 Ad
1034 619 1132 650 cuius
1156 619 1362 660 baptismum
1386 621 1525 652 fuerunt
1549 621 1642 652 circa
1660 631 1746 658 xn11‚
1763 621 1894 653 scilicet
1912 622 1972 652 do—

150 673 260 703 minus
283 673 436 704 marchio
460 672 721 708 Montisferrati‚
747 672 906 704 dominus
929 672 1135 703 Franciscus
1160 673 1203 703 de
1228 673 1421 704 Ordelaffis
1445 674 1644 715 capitaneus
1676 674 1818 706 Forlivii
1849 680 1914 706 etc.
1941 681 1973 705 et

149 725 198 756 ibi
222 725 349 757 nobilis
372 725 466 757 curia
490 726 583 757 facta
606 730 668 762 est,
694 730 727 756 et
751 725 974 756 armilustrati
998 731 1076 756 sunt
1100 724 1208 763 multi,
1233 735 1374 767 quorum
1400 727 1548 757 omnium
1572 727 1606 758 in
1629 726 1687 757 illa
1720 727 1776 759 die
1809 728 1972 759 honorem

151 778 299 809 obtinuit
322 777 482 809 Andreas
505 777 637 809 domini
661 777 829 819 Johannis
854 778 896 808 de
920 776 1070 819 Pepulis.

91 831 128 861 10
238 831 369 863 Eodem
394 830 584 868 millesimo,
609 830 665 861 die
687 839 760 862 xxv
784 831 870 862 dicti
893 831 1028 862 mensis.
1075 831 1284 872 Octuaginta
1307 831 1469 863 Katelani
1494 832 1736 864 conducebant
1766 843 1867 874 super
1892 843 1973 875 quo-

149 884 227 915 dam
250 884 391 925 navigio
415 884 508 915 circa
532 892 720 914 cccchxxx
744 884 929 914 Ianuenses
954 889 1074 924 captos
1097 884 1131 914 in
1157 883 1320 916 conflictu
1343 884 1531 922 antedicto,
1555 891 1591 916 ut
1622 886 1789 917 carcerati
1820 895 1973 916 remane-

148 942 224 968 rent
248 937 281 967 iu
305 936 501 968 carceribus
525 936 615 978 regiS
640 935 851 978 Aragonum,
876 942 910 968 et
934 936 1138 978 navigantes
1162 936 1257 973 mari,
1282 942 1405 967 ventus
1422 938 1613 969 contrarius
1630 938 1757 969 surexit
1779 944 1872 970 tante
1890 944 1973 969 tem-

149 989 290 1030 pestatis
313 989 406 1030 quod
430 989 602 1031 navigium
625 989 819 1027 submersit,
844 994 877 1020 et
901 989 1072 1020 subfocati
1096 995 1173 1020 sunt
1197 999 1315 1020 omnes
1331 995 1398 1020 tam
1416 989 1587 1028 Katelani‚
1605 1001 1704 1032 quam
1722 991 1923 1032 Januenses,
1941 998 1973 1022 et

148 1043 182 1072 in
205 1042 272 1074 illis
295 1042 414 1074 diebus
438 1042 599 1073 Katelani
625 1048 790 1083 ceperant
814 1042 997 1084 quamdam
1021 1042 1199 1074 Chocham
1223 1042 1452 1084 Januensibus
1479 1043 1679 1075 honeratam
1710 1044 1971 1075 mercantiarum

89 1094 124 1125 15
150 1095 246 1126 multi
270 1095 404 1126 valoris.
451 1094 563 1126 Etiam
587 1105 691 1136 super
714 1095 808 1126 dicto
834 1095 926 1137 ligno
958 1100 1056 1127 erant
1087 1105 1146 1126 sex
1177 1100 1386 1126 mercatores
1417 1095 1540 1127 divites
1571 1096 1857 1137 mediolanenses,
1889 1108 1975 1138 quos

149 1158 208 1178 rex
232 1147 432 1190 Aragonum
456 1148 600 1179 scortari
625 1148 713 1179 fecit
737 1148 947 1179 immediate.

929 1284 1193 1318 MCCCLIIIIOE.

236 1381 287 1411 De
310 1390 425 1411 mense
447 1379 604 1421 januarii.
650 1378 801 1411 Sotietas
824 1389 948 1422 magna
972 1379 1281 1417 Theotonicorum‚
1305 1390 1372 1422 que
1396 1381 1519 1412 eratin
1537 1380 1696 1414 Marehia
1713 1382 1920 1414 anconitana
1937 1382 1973 1413 in

148 1433 225 1464 loco
249 1433 307 1474 qui
332 1433 458 1464 dicitur
481 1433 515 1463 la
539 1433 755 1475 Ravignana,
780 1431 957 1464 districtus
980 1432 1111 1464 domini
1135 1432 1330 1471 Malateste‚
1354 1434 1550 1476 segregavit
1572 1435 1662 1472 inde,
1680 1441 1713 1466 et
1731 1435 1877 1477 ingressi
1897 1442 1974 1467 sunt

85 1486 126 1516 20
150 1486 185 1516 in
209 1485 367 1517 districtu
383 1486 503 1517 Firmi:
529 1486 655 1517 deinde
681 1486 796 1527 aliqua
819 1496 900 1527 pars
923 1495 1040 1517 eorum
1055 1485 1294 1528 equitaverunt
1310 1493 1456 1518 castrum
1474 1487 1795 1525 Montis-feltrani²‚
1819 1494 1852 1519 et
1876 1489 1973 1520 dero-

149 1539 317 1570 baverunt
342 1538 455 1570 multa.
502 1539 604 1569 Tunc
628 1545 750 1581 gentes
775 1538 860 1570 dicti
885 1538 987 1570 castri
1013 1538 1171 1570 exierunt
1195 1545 1293 1570 extra
1318 1539 1504 1578 civitatem,
1528 1547 1562 1571 et
1592 1540 1718 1572 bellum
1750 1541 1795 1572 ad
1826 1541 1973 1572 invicem

150 1592 407 1630 commiserunt,
431 1597 464 1624 et
487 1593 611 1623 mortui
635 1597 713 1622 sunt
729 1602 771 1623 ex
787 1591 837 1622 eis
853 1591 1078 1624 Theotonicis
1102 1592 1208 1634 aliqui
1233 1593 1422 1633 caporales.
1462 1594 1562 1625 Tunc
1580 1594 1637 1625 aiii
1661 1594 1870 1626 Theotonici
1886 1595 1974 1636 apli-

151 1650 295 1676 cuerunt
318 1644 376 1682 ibi,
401 1650 434 1676 et
460 1644 585 1676 bellum
609 1645 814 1686 inceperunt
838 1654 915 1675 cum
939 1644 1099 1686 gentibus
1124 1645 1237 1682 castri,
1262 1645 1377 1677 taliter
1399 1647 1492 1688 quod
1524 1647 1746 1688 expulserunt
1778 1658 1837 1678 eos
1867 1658 1974 1689 usque

149 1703 309 1734 castrum,
332 1703 367 1729 et
389 1698 512 1729 multos
537 1708 581 1728 ex
606 1698 653 1728 eis
678 1696 897 1729 occiderunt.
943 1697 1044 1729 Tunc
1068 1698 1207 1739 quidam
1230 1707 1356 1740 gerens
1380 1698 1581 1730 banderiam
1598 1699 1725 1731 domini
1742 1700 1913 1732 Ludovici
1930 1701 1974 1731 de

83 1750 124 1781 25
148 1750 337 1782 Ordelaffis
360 1757 498 1782 secutus
520 1756 572 1781 est
594 1750 672 1781 illos
695 1749 804 1781 castri'
829 1760 936 1791 usque
961 1750 995 1781 in
1020 1750 1205 1782 civitatem.
1252 1749 1320 1782 Alii
1345 1751 1555 1784 Theotonici
1587 1752 1747 1784 videntes
1774 1754 1974 1784 banderiam

148 1803 332 1835 intrantem
357 1803 530 1835 civitatem
554 1804 598 1835 ad
621 1813 818 1834 succursum
843 1804 924 1840 eius,
949 1803 1198 1835 festinaverunt
1221 1809 1255 1835 et
1278 1804 1492 1836 intraverunt
1515 1805 1615 1837 etiam
1640 1805 1826 1837 civitatem.
1872 1807 1973 1838 Tunc

148 1856 361 1888 habitatores
384 1856 550 1898 fugerunt
581 1857 866 1898 circumquaque;
899 1862 933 1888 et
963 1856 1079 1888 taliter
1110 1857 1318 1888 Theotonici
1350 1857 1541 1889 habuerunt
1571 1865 1718 1890 castrum
1750 1860 1915 1891 munitum
1940 1866 1974 1891 et

150 1909 300 1951 plenum,
324 1915 358 1940 et
383 1909 507 1941 mortui
532 1910 671 1940 fuerunt
694 1910 736 1940 de
762 1908 1011 1941 habitatoribus
1036 1910 1139 1941 castri
1162 1915 1228 1941 vnC
1245 1910 1300 1941 vel
1324 1911 1428 1948 circa,
1452 1911 1496 1942 de
1521 1911 1642 1952 quibus
1668 1912 1825 1943 dominus
1856 1912 1973 1945 Ludo-

147 1963 245 1993 vicus
268 1962 310 1993 de
336 1961 525 1993 Ordelaffis
547 1961 703 2003 sepelliri
726 1962 811 1993 fecit
835 1967 1042 1993 cccxx11110‘.
1087 1962 1188 1994 Tunc
1212 1963 1368 1995 dominus
1392 1963 1578 1995 Galeoctus
1597 1965 1641 1995 de
1664 1964 1856 1997 Malatestis
1880 1966 1975 2007 equi-

83 2015 126 2046 30
148 2015 232 2046 tavit
257 2020 404 2046 castrum
428 2014 647 2046 Montis-fani
659 2014 682 2053 ³,
710 2020 743 2045 et
766 2015 873 2046 voluit
896 2015 1005 2056 ipsum
1030 2015 1213 2054 comburri,
1236 2022 1273 2047 ut
1291 2016 1383 2047 dicta
1406 2017 1545 2047 sotietas
1563 2027 1631 2048 non
1648 2017 1792 2049 intraret
1816 2025 1975 2050 castrum.

148 2067 250 2098 Tunc
273 2067 483 2099 habitatores
508 2067 613 2099 castri
636 2067 792 2098 videntes
816 2068 891 2105 hoc,
917 2068 1151 2099 defenderunt
1175 2078 1223 2105 se,
1246 2079 1288 2099 ne
1307 2069 1456 2110 ipsorum
1474 2069 1564 2100 bona
1582 2070 1852 2109 destruerentur,
1869 2082 1973 2112 quare

149 2120 306 2151 dominus
329 2119 514 2151 Galeoctus
537 2120 703 2151 recessit'.
749 2120 849 2150 Tunc
866 2120 1016 2160 predicti
1033 2120 1240 2152 Theotonici
1265 2121 1479 2153 intraverunt
1503 2128 1652 2153 castrum
1677 2123 1833 2163 pacifice,
1859 2130 1893 2154 et
1924 2124 1975 2155 illi

148 2173 191 2205 de
214 2172 460 2205 Monte-flore⁴
484 2173 549 2204 hoc
573 2172 742 2208 videntes
766 2173 920 2204 similiter
944 2173 1159 2204 tradiderunt
1191 2180 1337 2205 castrum
1369 2175 1514 2215 pacifice
1541 2175 1709 2216 predictis
1740 2175 1974 2208 Theotonicis.

237 2227 370 2258 Eodem
392 2226 571 2258 millesimo
596 2233 628 2258 et
652 2237 767 2257 mense
792 2227 948 2258 ianuarii.
996 2227 1128 2258 Guerra
1151 2227 1301 2259 existens
1324 2227 1412 2259 inter
1444 2228 1616 2259 dominum
1649 2228 1815 2271 Legatum
1830 2229 1840 2245 ⁵
1872 2231 1975 2261 desti-

85 2278 126 2310 35
150 2285 266 2312 natum
289 2290 353 2320 per
376 2279 549 2311 dominum
574 2279 704 2320 Papam
727 2279 763 2310 in
787 2279 942 2320 partibus
966 2279 1180 2317 patrimonii,
1205 2286 1238 2312 et
1261 2281 1454 2322 prefectum
1478 2279 1650 2312 Viterbii⁶
1675 2292 1717 2312 ex
1733 2288 1843 2323 parte,
1861 2282 1975 2314 dietus

149 2332 329 2364 Prefectus
352 2332 470 2364 habuit
493 2338 618 2364 terram
643 2332 931 2374 Aquependentis
945 2335 967 2364 ⁷.

238 2385 371 2417 Eodem
394 2384 570 2416 millesimo
595 2392 628 2416 et
652 2395 780 2416 mense.
826 2385 990 2417 Dominus
1006 2385 1287 2428 archiepiscopus
1304 2385 1495 2418 Mediolani
1512 2387 1695 2419 destinavit
1713 2388 1849 2419 comuni
1866 2388 1973 2430 Papie

149 2437 297 2475 lieteras‚
321 2438 415 2479 quod
438 2437 642 2469 festinanter
664 2437 855 2480 dirigerent
877 2438 907 2469 ei
931 2438 1067 2480 aliquos
1091 2438 1184 2470 cives
1207 2439 1378 2480 sapientes
1403 2439 1495 2471 dicte
1513 2440 1676 2472 civitatis.
1721 2441 1822 2472 Tunc
1839 2441 1967 2473 dictum

243 2573 282 2593 12.
302 2568 331 2590 in
351 2575 398 2591 om.
417 2568 441 2591 A
455 2581 488 2584 —
505 2568 585 2598 14.in
599 2568 722 2600 margine
740 2568 771 2591 di
788 2568 812 2592 A
826 2568 941 2592 dimano
960 2569 1006 2592 del
1022 2577 1071 2593 sec.
1093 2568 1160 2592 XV:
1182 2568 1343 2593 Crudelitas
1363 2568 1395 2592 R.
1415 2569 1580 2600 Aragonum
1601 2583 1632 2587 —
1655 2577 1696 2601 15.
1715 2569 1875 2594 Mediolani
1895 2571 1973 2595 MUR.

153 2622 185 2626 —
208 2609 247 2633 18.
267 2609 463 2633 Anconitania
483 2610 506 2633 Α
526 2623 557 2627 —-
579 2616 621 2635 22.
635 2611 727 2640 prima
746 2610 776 2633 di
793 2610 846 2634 alii
865 2611 891 2634 in
910 2611 935 2634 A
954 2611 1022 2642 aliq.
1042 2612 1150 2635 cancell.
1170 2619 1215 2634 con
1236 2619 1269 2634 un
1288 2611 1352 2642 rigo
1370 2624 1404 2628 —
1424 2618 1464 2642 24.
1485 2612 1597 2642 quIdem
1618 2612 1642 2635 A
1655 2612 1680 2634 Β
1698 2626 1730 2629 —
1750 2620 1791 2643 30.
1812 2613 1972 2636 comburere

152 2652 228 2675 Mun.
249 2664 280 2668 -
301 2656 342 2683 35.
361 2652 515 2682 perfectum
535 2652 596 2676 AB
614 2665 647 2670 —-
666 2652 706 2683 36.
727 2652 870 2676 Perfectus
890 2653 949 2676 AB
970 2665 1001 2669 —
1020 2658 1062 2684 37.
1083 2653 1238 2677 millesimo
1259 2655 1285 2677 et
1305 2662 1353 2677 om.
1373 2653 1449 2677 Mun.
1468 2667 1499 2671 —
1520 2654 1560 2685 38.
1575 2655 1667 2684 prima
1687 2655 1717 2677 di
1735 2655 1891 2685 dirigerent
1911 2655 1937 2678 iu
1952 2656 1974 2678 Α

153 2692 292 2725 dirigente
312 2694 421 2717 cancell.
440 2701 485 2717 con
505 2701 537 2717 un
558 2694 619 2725 rig-o

107 2786 120 2812 5
237 2778 244 2795 ¹
264 2781 339 2804 Nato
358 2781 442 2812 pochi
460 2781 558 2812 giorni
571 2781 663 2812 prIma
677 2781 720 2805 del
736 2780 768 2805 26
784 2782 944 2806 novembre.
982 2782 1034 2806 Per
1088 2783 1217 2806 Ancona.

149 2822 178 2846 la
195 2829 245 2846 sua
264 2823 372 2846 nascita
392 2822 412 2845 il
434 2822 563 2846 Petrarca
584 2823 683 2847 scrisse
697 2823 718 2846 il
733 2830 822 2846 carme
845 2823 1033 2848 “Genethlia-
1175 2823 1185 2838 ³
1204 2825 1372 2848 Mentesano
1393 2832 1408 2848 a
1432 2831 1461 2855 19
1481 2825 1531 2848 kil.
1551 2825 1627 2848 circa
1647 2825 1680 2849 da
1701 2825 1850 2849 Macerata.

152 2864 225 2888 “con
247 2864 335 2887 Marci
357 2863 613 2888 Mediolanensium
638 2865 807 2896 Principis„
836 2865 870 2888 cf.
896 2865 934 2889 M.
961 2865 1033 2889 Bnu-
1177 2864 1188 2879 ⁴
1208 2865 1375 2889 Montefiore
1395 2873 1408 2889 a
1432 2873 1441 2889 1
1464 2866 1513 2889 kil.
1533 2866 1567 2890 da
1588 2867 1766 2890 Montesano.

149 2912 249 2934 Nam-1,
263 2906 355 2929 Nuovi
365 2906 462 2929 docum.
476 2906 612 2930 viscontei.
642 2906 746 2937 Figlie
760 2907 843 2936 nipoti
854 2907 884 2929 di
904 2907 1034 2934 Bernaba.
1177 2906 1187 2922 5
1208 2907 1292 2931 Card.
1312 2908 1416 2939 Egidio
1437 2908 1466 2931 di
1486 2909 1642 2932 Albornoz.

151 2949 179 2970 in
200 2948 311 2971 Arch.
331 2946 428 2972 Stor.
447 2946 669 2977 Lombardo,
688 2955 711 2971 a.
734 2955 809 2980 1909.
1176 2947 1187 2963 ⁶
1207 2949 1355 2973 Giovanni
1376 2951 1405 2973 di
1425 2951 1506 2974 Vico.

93 2995 122 3012 ιο
236 2988 246 3003 ²
267 2988 432 3012 Filottrano
454 2997 466 3012 a
490 2996 518 3020 15
539 2989 588 3012 kil.
608 2990 684 3013 circa
705 2990 738 3012 da
759 2989 858 3013 Osimo
878 2998 891 3013 e
912 2998 926 3014 a
947 2997 980 3021 34
1000 2991 1034 3014 da
1176 2989 1186 3005 '⁷
1206 2992 1444 3023 Acquapendente
1464 2999 1479 3015 a
1500 2997 1533 3022 50
1552 2993 1603 3016 kil.
1624 2993 1658 3016 da
1680 2993 1806 3016 Viterbo.

2006 2959 2033 2983 15

2046 527 2065 543 c.
2081 528 2119 545 η]
2129 528 2141 540 r

2038 1764 2112 1787 Mun..
2129 1765 2167 1787 473

2050 2135 2069 2150 c,
2085 2135 2147 2153 113⁰
