2360 3603
701 178 1012 214 CHRONICON
1039 177 1207 213 ESTEN
1210 177 1268 212 SE
1854 173 1899 210 97

595 308 660 345 adi,
685 314 718 339 et
741 307 884 338 maxime
915 317 1017 348 super
1047 306 1233 338 teritorium
1261 306 1403 337 Mantue
1432 312 1465 337 et
1496 306 1664 338 Ferrarie.
1710 305 1809 337 Tunc
1845 306 1905 338 do-

589 361 651 392 wit
675 366 820 392 castrum
852 358 1077 402 Burgifortis¹
1108 369 1170 400 pro
1202 359 1347 401 quadam
1378 364 1487 400 rupta,
1516 369 1618 401 quam
1650 358 1721 390 fieri
1753 358 1838 391 fecit
1868 359 1904 390 in

835 511 1103 546 Mcccxxvn
1104 513 1135 556 J.

588 608 706 640 minus
721 608 912 649 Imperator
935 606 1130 639 antedictus
1154 607 1293 638 intravit
1312 606 1487 638 civitatem
1504 606 1615 638 Rome
1633 617 1709 638 cum
1726 606 1796 638 eius
1816 606 1904 638 mili-

588 671 616 692 =o
640 660 796 692 dominus
818 659 1046 692 Castruccius.
1093 659 1137 690 Et
1159 658 1227 690 illis
1251 658 1371 690 diebus
1402 658 1542 690 admixit
1573 658 1792 691 Castruccius
1825 659 1905 690 civi-

589 720 657 746 nto.

587 777 661 799 ense
678 766 771 809 junii.
802 764 953 797 Maxima
968 771 1069 806 rupta
1084 764 1171 796 Padi
1189 764 1256 796 fuit
1274 765 1318 796 ad
1334 764 1525 796 Policinum
1543 763 1693 803 Caxalie,
1711 771 1746 797 et
1762 771 1905 806 propter

586 829 644 862 ger
669 825 923 861 traversagnum
947 818 1094 849 fractum
1119 823 1179 856 est,
1203 822 1238 849 et
1262 818 1422 850 damnum
1446 817 1627 849 maximum
1650 818 1745 849 fecit.

587 882 692 903 nense
714 871 800 914 julii.
824 870 991 902 Derobati
1014 870 1152 901 fuerunt
1177 876 1210 901 et
1234 871 1325 911 capti
1351 869 1456 911 aliqui
1487 875 1706 908 mercatores,
1739 870 1904 912 episcopi,

587 924 694 966 ³apie,
722 930 862 965 propter
893 922 1072 954 maximam
1097 922 1318 964 quantitatem
1346 922 1500 963 pecunie,
1534 933 1633 965 quam
1666 922 1839 955 habebant
1871 930 1904 955 et

588 983 703 1020 gatum
726 977 763 1007 in
787 976 953 1013 Bononia,
979 985 1082 1007 causa
1105 975 1259 1007 faciendi
1284 985 1390 1016 pagas
1421 975 1651 1016 stipendiariis
1683 976 1768 1007 suis:
1801 986 1903 1017 quam

587 1041 599 1061 1
623 1029 708 1061 fecit
732 1029 805 1060 fieri
829 1028 987 1060 dominus
1010 1027 1131 1070 Cocus,
1157 1029 1215 1070 qui
1238 1027 1434 1060 morabatur
1460 1029 1495 1059 in
1520 1027 1730 1060 Mediolano.

585 1092 690 1113 rense.
714 1081 880 1113 Dominus
896 1080 1079 1112 Hostaxius
1096 1080 1250 1112 dominus
1274 1080 1454 1119 Ravenne‚
1480 1080 1681 1122 capitaneus
1704 1081 1855 1119 Forlivii,
1872 1087 1907 1113 et

586 1135 811 1167 atiamentum
843 1143 920 1165 cum
952 1133 1089 1165 domino
1120 1132 1322 1165 Marchione
1357 1139 1490 1165 estense
1521 1133 1557 1164 in
1589 1134 1757 1165 Ferraria.
1804 1134 1905 1165 Tunc

585 1187 702 1219 :fredis
725 1187 864 1219 intravit
886 1186 1087 1218 Faventiam
1111 1197 1189 1218 cum
1213 1196 1280 1218 uno
1312 1197 1373 1218 suo
1397 1186 1465 1218 filio
1474 1199 1483 1223 3
1508 1187 1564 1218 alii
1597 1196 1688 1225 vero,
1721 1187 1779 1229 qui
1811 1187 1905 1228 prius

590 1251 707 1273 omnes
730 1241 891 1282 fugerunt
914 1250 1031 1271 versus
1054 1246 1169 1281 partes
1192 1239 1333 1271 Tuscie.
1380 1238 1514 1270 Deinde
1540 1239 1696 1271 dominus
1717 1239 1905 1282 Ricardum

584 1294 718 1326 domino
741 1293 885 1336 Legato.

584 1357 692 1378 nense
716 1345 850 1388 augusti
873 1345 908 1376 in
932 1344 987 1377 die
1011 1346 1120 1377 sancti
1152 1345 1325 1377 Leonardi
1358 1345 1392 1376 in
1424 1346 1509 1377 hora
1539 1345 1715 1377 tertiarum
1747 1345 1902 1376 dominus

585 1411 608 1431 .e
633 1405 784 1431 mortuus
811 1405 844 1430 et
874 1398 1008 1430 occisus
1033 1398 1099 1430 fuit
1121 1408 1185 1440 pro
1210 1398 1415 1430 tradimento
1440 1410 1460 1430 a
1484 1398 1688 1440 quibusdam
1721 1399 1788 1430 suis
1820 1409 1902 1430 con-

584 1458 596 1484 t
621 1458 739 1494 captus
762 1451 828 1483 fuit
851 1452 879 1484 F
882 1451 1056 1483 ranciscus
1079 1451 1167 1483 filius
1191 1451 1263 1483 eius
1279 1457 1312 1482 et
1327 1451 1379 1483 sui
1403 1457 1547 1493 nepotes
1560 1451 1581 1490 2,
1606 1458 1640 1483 et
1664 1451 1828 1484 conducti
1849 1461 1905 1482 ca-

583 1515 619 1537 es
642 1504 764 1537 mortui
788 1504 928 1536 fuerunt
951 1503 1067 1547 iniqua
1090 1510 1199 1536 morte
1225 1515 1245 1535 a
1267 1504 1433 1545 predictis
1459 1505 1501 1536 de
1520 1504 1695 1547 Goncaga.
1742 1504 1824 1536 Post
1841 1504 1905 1535 hec

596 1558 783 1590 dominium
809 1557 956 1589 civitatis
979 1557 1146 1599 predicte.

584 1621 694 1643 nense.
717 1611 882 1642 Dominus
900 1610 1029 1652 Galeac
1045 1610 1088 1641 de
1106 1610 1379 1642 Vicecomitibus
1397 1611 1440 1642 de
1457 1610 1657 1643 Mediolano
1675 1611 1759 1643 obiit
1774 1611 1808 1642 in
1826 1621 1904 1652 par-

584 1726 697 1748 mense
721 1715 933 1757 septembris.
960 1716 1178 1748 Honorabilis
1201 1715 1358 1748 dominus
1376 1716 1533 1748 dominus
1557 1716 1661 1748 Canis
1685 1717 1728 1748 de
1754 1716 1785 1748 la
1803 1716 1905 1748 Scala

610 1769 794 1801 dominium
820 1768 967 1801 civitatis
989 1768 1108 1801 Padue
1133 1768 1255 1800 libere:
1282 1775 1492 1811 quapropter
1514 1769 1691 1812 gaudium'
1716 1769 1898 1801 maximum

583 1822 671 1853 rarie
694 1832 757 1863 per
781 1821 940 1853 dominos
961 1813 1194 1853 Marchiones.

583 1885 729 1916 empore.
753 1875 920 1906 Dominus
943 1875 1166 1907 Castruccius
1183 1874 1292 1907 obiit4
1309 1875 1342 1905 in
1359 1875 1511 1917 partibus
1535 1875 1674 1914 Tuscie‚
1699 1882 1734 1908 et
1756 1886 1842 1907 unus
1865 1875 1906 1907 de

591 1928 748 1960 naturali.

582 1991 694 2012 mense
720 1980 880 2018 octubris,
905 1982 940 2012 in
964 1981 1083 2023 vigilia
1106 1981 1337 2022 apostolorum
1362 1981 1510 2013 Simonis
1540 1987 1574 2013 et
1597 1981 1712 2013 Yude.
1758 1982 1906 2023 Propter

582 2033 627 2065 teli
650 2039 751 2075 rupta
775 2034 869 2065 facta
893 2040 944 2065 est
967 2039 1064 2065 extra
1087 2044 1220 2065 murum
1238 2034 1386 2066 civitatis
1402 2034 1571 2071 Ferrarie,
1589 2044 1693 2076 quare
1708 2045 1771 2076 per
1787 2035 1907 2066 foveas

584 2097 610 2117 is
634 2086 670 2117 in
693 2086 846 2128 pluribus
871 2086 965 2125 locis,
991 2093 1025 2118 et
1041 2086 1219 2118 Policinus
1235 2087 1409 2124 Ferrarie3
1436 2094 1469 2119 et
1486 2098 1573 2130 aqua
1589 2087 1747 2129 pervenit
1771 2088 1816 2119 ad
1831 2088 1905 2129 pla-

585 2145 688 2181 opatu
712 2150 820 2182 usque
849 2139 892 2170 ad
923 2139 1050 2171 baneas
1075 2139 1326 2181 caligariorum,
1352 2146 1386 2171 et
1409 2139 1445 2171 in
1469 2140 1623 2182 pluribus
1655 2141 1729 2172 aliis
1761 2140 1844 2172 locis
1867 2140 1903 2171 in

581 2256 697 2278 mense
721 2246 927 2278 novembris.
952 2246 1118 2277 Dominus
1135 2246 1239 2278 Canis
1257 2246 1300 2278 de
1318 2246 1350 2277 la
1367 2246 1470 2279 Scala
1488 2256 1632 2278 xxxvnr
1649 2246 1828 2279 decoravit
1844 2246 1906 2277 mi-

581 2311 586 2328 z
611 2298 804 2330 hominibus
828 2298 945 2330 Padue
971 2305 1004 2331 et
1027 2298 1178 2337 Verone,
1196 2305 1230 2330 et
1246 2299 1387 2330 aliorum
1411 2300 1565 2332 locorum
1582 2298 1801 2338 Lombardie,
1818 2300 1906 2331 inter

581 2350 793 2383 Pranciscum
818 2351 889 2382 eius
912 2351 1015 2382 filium
1041 2351 1179 2383 militem
1203 2362 1346 2393 sperans
1370 2352 1566 2394 relinquere
1591 2352 1703 2394 ipsum
1731 2352 1905 2384 dominum

579 2404 745 2436 lectabilis
770 2403 863 2436 curia
886 2404 980 2436 facta
1003 2410 1053 2435 est
1075 2404 1111 2434 in
1136 2404 1286 2443 Verona,
1312 2404 1371 2436 ubi
1396 2411 1469 2436 erat
1493 2406 1595 2437 etiam
1619 2404 1775 2436 dominus
1792 2405 1903 2448 Obieo

592 2457 748 2488 Ferrarie
772 2462 848 2494 etc.‚
874 2456 1061 2488 adsotiatus
1084 2456 1152 2487 suis
1177 2456 1339 2488 militibus
1364 2457 1550 2489 honorifice
1573 2464 1714 2499 propter
1738 2458 1905 2490 honorem

578 2656 635 2688 nse]
657 2657 689 2681 de
710 2665 801 2681 mense
820 2657 897 2682 MUR.
917 2670 948 2674 —
973 2664 1011 2688 19.
1032 2656 1076 2680 nel
1094 2659 1213 2689 margine
1231 2658 1256 2680 si
1273 2659 1382 2681 sim'stra
1402 2659 1430 2680 in
1457 2658 1480 2681 A
1490 2667 1498 2682 .·
1526 2665 1600 2682 mors
1626 2658 1734 2682 domini
1761 2658 1903 2683 Passerini

578 2710 582 2723 ·.
598 2713 629 2717 —
645 2706 685 2724 22.
707 2699 866 2723 Castellarii
879 2700 970 2729 Mun.;
985 2699 1138 2724 castellani
1154 2700 1177 2723 A
1192 2713 1223 2716 —
1240 2706 1282 2730 24.
1296 2700 1340 2722 nel
1352 2700 1471 2731 margine
1491 2701 1520 2723 di
1537 2701 1646 2723 sinistra
1660 2702 1689 2723 in
1708 2701 1731 2723 A
1741 2709 1749 2724 .·
1771 2708 1846 2725 mors
1860 2701 1908 2725 do-

578 2741 622 2764 nel
639 2742 758 2772 ›narg1'rze
778 2741 808 2763 di
824 2741 934 2764 sinistra
953 2741 982 2764 in
1001 2741 1043 2764 A:
1060 2748 1134 2765 mors
1156 2741 1302 2766 Castrucci
1321 2743 1349 2765 et
1368 2741 1419 2765 filii
1439 2742 1500 2765 eius

577 2839 605 2862 ia
626 2839 767 2862 Mantova.
1011 2838 1066 2871 figli
1087 2838 1116 2862 di
1136 2839 1271 2862 Butirone
1291 2838 1446 2863 Bonacolsi.

595 2888 608 2904 e
633 2880 786 2910 Giovanni,
808 2880 906 2904 abbate
929 2880 957 2905 di
1099 2878 1110 2894 *3
1130 2879 1205 2904 Mori
1225 2887 1240 2903 a
1260 2881 1356 2904 Pescia
1374 2881 1401 2904 ai
1421 2880 1436 2903 6
1455 2880 1591 2911 d'agosto.

592 2929 606 2945 e
631 2921 723 2946 Guido
743 2929 757 2945 e
783 2922 955 2946 Pinamonte
1100 2920 1109 2936 *¹
1128 2921 1203 2946 Mori
1222 2922 1241 2946 il
1261 2929 1275 2953 3
1295 2923 1444 2947 settembre
1466 2923 1541 2953 1328.

1977 529 1996 544 c.

2011 524 2058 544 82r

1979 1786 1997 1799 s.
2012 1779 2038 1798 82
2046 1786 2058 1797 z*
