2360 3603
47 836 83 866 10

43 1096 79 1129 15

41 1363 81 1393 20

40 1624 79 1655 25

40 1889 81 1920 30

41 2153 80 2185 35

48 2821 79 2838 10

106 235 157 270 [A.
177 236 269 270 1346]
734 229 1043 265 CHRONICON
1071 229 1301 265 ESTENSE
1860 231 1929 264 143

107 360 242 398 Felicis,
267 360 360 401 quod
383 359 548 391 habuerat
570 370 633 401 pro
658 359 880 393 tradimento:
906 366 939 391 et
961 360 1179 391 firmaverunt
1213 360 1246 390 in
1277 360 1488 401 parlamento
1513 359 1555 390 de
1584 360 1797 391 restitutione
1833 359 1932 390 castri

105 414 261 454 predicti.
306 413 440 444 Deinde
463 418 677 445 recesserunt
700 412 892 451 Hostiliam,
916 419 949 444 et
974 413 1178 444 transierunt
1202 413 1344 450 Padum,
1377 413 1509 444 scilicet
1534 413 1690 444 dominus
1723 413 1847 450 Guido,
1873 413 1934 443 do-

105 467 214 497 minus
236 466 362 497 Paulus
386 472 419 496 et
442 466 619 507 predictus
642 475 696 496 ser
720 465 851 502 Petrus,
877 471 910 496 et
934 465 1069 496 iverunt
1094 472 1238 496 castrum
1263 465 1510 496 Trivellinum¹
1537 465 1620 497 dicti
1646 465 1774 497 domini
1803 465 1934 496 Guido—

107 519 158 550 nis
181 519 225 550 ad
248 518 442 560 hospitium.
489 517 567 549 Alio
591 517 646 549 die
670 517 799 549 dictus'
825 518 981 549 dominus
1006 517 1129 549 Paulus
1147 528 1223 548 cum
1247 528 1300 548 ser
1317 518 1419 549 Petro
1443 518 1617 549 antedicto
1635 518 1769 549 iverunt
1785 524 1930 549 castrum

107 571 301 602 Mirandule
325 571 370 602 ad
394 571 593 612 hospitium3
620 570 685 602 alio
709 580 788 601 vero
813 570 866 601 die
891 570 1066 611 predictus
1083 571 1240 601 dominus
1263 570 1387 601 Paulus
1411 570 1554 602 restituit
1571 576 1715 601 castrum
1734 570 1848 602 Sancti
1869 571 1934 601 Fe-

106 623 183 655 licis
205 622 359 665 predicto
383 633 438 654 ser
460 623 563 654 Petro
589 623 632 655 de
656 623 779 660 Fabro,
797 623 871 654 vice
890 629 923 653 et
941 623 1074 654 nomine
1099 623 1275 664 recipienti
1295 623 1422 654 domini
1448 623 1655 655 marchionis
1679 623 1845 665 Obiconis
1869 628 1933 654 etc.

107 682 140 707 et
162 676 226 707 hiis
249 676 349 707 factis
372 687 425 707 ser
448 676 571 707 Petrus
594 676 681 707 fecit
705 675 826 707 muniri
851 681 997 706 castrum
1022 682 1088 707 etc.

192 730 322 761 Eodem
348 729 534 767 millesimo,
559 729 614 760 die
640 739 720 760 xr111
744 729 868 760 mensis
892 728 1095 760 novembris.
1121 729 1213 760 Obiit
1238 729 1396 760 dominus
1428 729 1610 761 Hostaxius
1638 729 1681 760 de
1705 730 1848 761 Polenta
1873 730 1934 760 do-

106 781 216 812 minus
240 781 386 813 civitatis
409 781 575 813 Ravenne
601 787 665 812 etc.
690 786 724 813 et
747 781 899 822 sepultus
922 781 955 811 in
980 781 1073 811 dicta
1098 780 1234 812 civitate
1260 781 1457 813 honorifice.

193 834 324 866 Eodem
348 834 538 872 millesimo,
564 834 619 866 die
645 843 751 865 XV1111
776 833 979 865 novembris.
1004 833 1171 864 Munitum
1189 833 1253 864 fuit
1271 840 1416 865 castrum
1435 835 1552 866 Sancti
1570 835 1696 867 Felicis
1713 845 1774 876 pro
1795 835 1932 866 domino

106 886 318 918 Marchione.

192 938 325 971 Eodem
349 939 524 970 millesimo
550 945 583 970 et
605 949 729 970 mense.
753 939 831 970 Rex
855 938 971 971 Scotie
985 937 995 953 ²
1020 939 1064 969 ad
1088 938 1283 970 instantiam
1307 939 1397 981 regis
1414 940 1558 971 Francie
1577 951 1651 972 cum
1669 946 1740 972 toto
1758 950 1817 970 suo
1834 950 1934 980 posse

105 992 268 1034 equitavit
289 1002 390 1033 super
413 992 604 1023 districtum
628 992 718 1033 regis
740 990 877 1034 Anghe,
901 997 938 1022 ut
962 991 1071 1022 dictus
1102 1001 1163 1022 rex
1194 991 1374 1021 recederet
1407 991 1450 1022 de
1482 1002 1613 1033 campo,
1645 992 1701 1023 ubi
1733 998 1806 1023 erat
1829 1003 1932 1033 super

105 1045 293 1077 districtum
309 1045 399 1087 regis
415 1044 578 1080 Francie;
603 1050 654 1076 set
676 1050 816 1085 propter
840 1045 906 1076 hoc
931 1054 1000 1075 non
1023 1055 1058 1075 se
1082 1043 1199 1081 movit,
1216 1044 1295 1085 quia
1310 1051 1430 1085 gentes
1455 1045 1545 1087 regis
1567 1044 1704 1087 Auglie,
1729 1046 1784 1087 qui
1802 1057 1935 1077 reman—

104 1104 218 1129 serant
241 1098 274 1128 in
297 1097 424 1139 Anglia
446 1097 592 1128 viriliter
616 1098 813 1128 resisterunt
837 1097 994 1139 gentibus
1018 1097 1107 1139 regis
1133 1097 1260 1135 Scotie,
1293 1098 1408 1129 taliter
1441 1097 1533 1139 quod
1557 1099 1781 1130 conflixerunt
1806 1108 1932 1136 omnes9

105 1157 138 1182 et
161 1156 280 1192 captus
303 1151 369 1181 fuit
392 1149 619 1190 personaliter
643 1161 704 1181 rex
728 1150 855 1187 scotie,
880 1156 913 1181 et
936 1150 993 1181 alii
1018 1150 1110 1191 capti
1134 1156 1168 1182 et
1192 1151 1315 1182 mortui
1339 1156 1403 1181 etc.
1419 1150 1440 1182 ³.

190 1204 321 1235 Eodem
346 1203 525 1235 millesimo
550 1209 583 1234 et
606 1213 732 1234 mense.
758 1203 985 1234 Confirmatus
1009 1209 1043 1234 et
1066 1203 1195 1235 electus
1220 1210 1270 1234 est
1293 1202 1453 1235 dominus
1476 1203 1655 1235 Lunixane
1680 1204 1838 1235 dominus
1861 1203 1930 1234 Lu-

106 1256 224 1287 chinus
248 1256 454 1288 Vicecomes
478 1262 511 1287 et
536 1255 691 1287 dominus
714 1255 906 1287 Mediolani
930 1262 994 1287 etc.

190 1310 322 1341 Eodem
345 1309 522 1340 millesimo
546 1315 580 1339 et
602 1318 728 1340 mense.
753 1308 888 1340 Novum
913 1309 1032 1339 mirum
1057 1309 1185 1341 accidit
1202 1309 1236 1340 in
1254 1309 1391 1341 civitate
1410 1309 1580 1348 Pixarum,
1605 1309 1734 1341 scilicet
1750 1310 1842 1351 quod
1867 1311 1931 1341 clue

104 1362 227 1405 aquile,
252 1372 392 1404 quarum
426 1372 494 1393 una
525 1361 667 1399 iuvenis,
699 1361 766 1392 alia
797 1371 911 1398 senex,
942 1362 1088 1402 preliate
1120 1362 1259 1393 fuerunt
1289 1362 1428 1393 insimul
1460 1373 1521 1403 per
1552 1362 1735 1393 maximum
1767 1362 1929 1403 spatium;

104 1418 217 1444 tamen
241 1413 353 1444 senior
375 1412 489 1455 aquila
512 1411 640 1443 occidit
664 1411 831 1450 iuvenem,
854 1412 889 1442 in
913 1412 970 1443 die
993 1418 1110 1443 sancte
1134 1412 1299 1444 Katerine
1314 1412 1336 1443 ⁴¹.

191 1466 324 1497 Eodem
347 1465 538 1503 millesimo,
563 1465 618 1496 die
635 1474 658 1495 x
675 1464 879 1496 decembris.
903 1465 1068 1496 Dominus
1092 1466 1246 1497 marchio
1263 1465 1373 1507 Obico
1391 1467 1532 1497 estensis
1551 1472 1614 1497 etc.
1640 1472 1809 1507 tamquam
1831 1467 1930 1496 mise-

103 1519 212 1550 ricors
230 1525 264 1550 et
278 1519 426 1557 humilis,
449 1517 577 1550 redidit
600 1517 752 1559 gra'tiam
775 1529 868 1549 suam
885 1518 1034 1560 Johanni
1059 1519 1230 1561 quondam
1256 1518 1402 1561 Nicolay
1427 1519 1469 1550 de
1494 1520 1617 1556 Fredo,
1642 1519 1734 1561 Rigo
1759 1525 1792 1550 et
1815 1519 1931 1561 Inghi-

105 1582 197 1603 ramo
223 1573 265 1604 de
282 1573 451 1615 Gorcano,
476 1578 510 1602 et
533 1571 637 1602 certis
660 1571 702 1603 de
725 1571 993 1603 Montechucolo
1018 1571 1201 1603 rebellibus
1219 1571 1305 1604 dicti
1330 1572 1456 1604 domini
1473 1572 1693 1609 Marchionis,
1719 1578 1751 1602 et
1776 1572 1841 1603 hoc
1866 1572 1933 1602 fuit

103 1624 137 1655 in
162 1625 300 1656 civitate
323 1625 455 1656 Mutine
479 1630 543 1656 etc.
557 1624 580 1656 ⁵.

190 1678 321 1709 Eodem
344 1678 521 1709 millesimo
546 1687 706 1709 cccxnvr.
731 1678 802 1709 Pax
826 1678 920 1709 firma
936 1684 986 1709 est
1002 1678 1089 1709 inter
1105 1678 1280 1710 dominum
1296 1678 1528 1710 marchionem
1552 1678 1741 1720 Obiconem
1765 1685 1931 1710 estensem

106 1736 171 1762 etc.
197 1736 231 1761 et
255 1731 410 1763 dominos
433 1730 586 1768 Maurae,
610 1730 667 1762 die
690 1740 741 1761 ΧΠ
766 1731 890 1762 mensis
915 1730 1119 1770 decembris,
1144 1731 1177 1762 in
1201 1731 1329 1772 palatio
1354 1731 1507 1763 comunis
1531 1732 1666 1763 Mutine
1680 1730 1702 1763 ὅ.

191 1784 324 1815 Eodem
348 1783 528 1815 millesimo
553 1789 586 1814 et
610 1793 727 1814 mense
752 1783 954 1815 decembris.
979 1784 1142 1826 Treugua
1173 1784 1267 1816 facta
1292 1791 1341 1816 est
1367 1784 1455 1816 inter
1480 1794 1623 1816 comune
1647 1784 1869 1815 Venetiarum
1898 1791 1933 1816 et

104 1836 196 1868 cives
220 1837 367 1868 civitatis
390 1837 488 1882 (jare.
535 1837 636 1868 Tunc
660 1836 908 1868 ambaxiatores
939 1837 1093 1868 comunis
1123 1837 1211 1881 (jare
1237 1838 1473 1879 applicuerunt
1503 1837 1676 1875 Venetias‚
1701 1847 1821 1878 pacem
1846 1848 1931 1879 que-

105 1895 218 1921 rentes
243 1900 319 1921 cum
343 1890 436 1922 dicto
460 1890 598 1921 comuni
624 1900 700 1921 cum
724 1890 826 1921 certis
842 1889 964 1931 pactis,
989 1900 1054 1932 que
1072 1895 1174 1931 pacta
1189 1890 1391 1932 placuerunt
1414 1890 1572 1927 Venetis;
1599 1900 1703 1933 quare
1728 1891 1821 1921 facta
1844 1900 1931 1931 pace

104 1952 247 1974 comune
270 1942 482 1974 Venetorum
506 1943 699 1974 munierunt
722 1942 894 1974 civitatem
919 1942 1007 1985 Care
1031 1943 1075 1974 ad
1099 1943 1333 1974 suffitientiam.

192 1995 323 2027 Eodem
346 1995 524 2027 millesimo
549 2002 582 2027 et
606 2006 729 2028 mense.
755 1996 840 2028 Cum
856 2006 923 2036 pax
939 1995 1096 2037 predicta
1120 1996 1249 2027 firmata
1268 2002 1357 2028 esset
1372 1996 1464 2027 inter
1488 2006 1630 2027 comune
1648 1995 1871 2027 Venetiarum
1900 2002 1931 2027 et

105 2058 250 2080 comune
274 2049 374 2092 Care,
400 2055 433 2079 et
456 2049 658 2080 constitutus
683 2055 769 2081 esset
793 2049 992 2090 capitaneus
1015 2049 1050 2079 in
1083 2049 1221 2080 civitate
1252 2049 1341 2093 Care
1373 2049 1528 2080 dominus
1560 2049 1698 2080 Marcus
1721 2049 1931 2090 Justinianus

104 2101 147 2133 de
170 2101 338 2141 venetiis,
362 2102 488 2133 cridari
512 2102 598 2133 fecit
621 2108 656 2133 et
679 2101 813 2143 bapniri
830 2112 931 2142 super
954 2101 1116 2143 palatium
1142 2102 1234 2133 dicte
1260 2102 1414 2139 civitatis,
1435 2102 1528 2144 quod
1545 2112 1645 2132 nemo
1671 2102 1761 2132 dicte
1787 2101 1931 2132 civitatis

104 2160 313 2196 presumeret
343 2165 435 2186 arma
450 2160 598 2196 portare,
622 2165 681 2186 seu
704 2155 739 2185 in
764 2154 864 2185 domo
883 2160 1009 2191 tenere,
1035 2153 1096 2185 sub
1120 2164 1210 2195 pena
1233 2164 1378 2195 persone
1402 2155 1474 2185 sine
1498 2154 1638 2185 licentia
1661 2153 1786 2195 prefati
1803 2154 1930 2184 domini

106 2206 286 2248 capitanei;
302 2208 393 2238 unde
409 2206 513 2249 aliqui
529 2206 660 2238 nobiles
684 2207 832 2238 ferentes
848 2217 951 2245 arma,
968 2207 1117 2238 accusati
1134 2212 1211 2238 sunt
1228 2216 1342 2237 coram
1364 2206 1559 2247 capitaneo:
1584 2217 1649 2249 que
1673 2206 1814 2237 audiens
1839 2206 1931 2247 capi-

104 2265 222 2291 taneus
244 2259 338 2291 mixit
368 2270 430 2301 pro
456 2260 513 2297 eis,
537 2260 593 2302 qui
618 2260 838 2292 adcesserunt
862 2269 977 2291 coram
1001 2259 1084 2301 ipso.
1131 2259 1230 2290 Tunc
1257 2259 1452 2301 capitaneus
1484 2259 1687 2302 interogavit
1711 2259 1795 2297 illos,
1827 2269 1930 2301 quare

194 2400 235 2417 12.
255 2393 402 2417 millesimo
421 2395 448 2418 et
466 2401 514 2418 om.
534 2394 611 2418 MUR.
632 2407 664 2411 —
687 2400 726 2424 15.
746 2393 911 2418 restiterunt
930 2394 1006 2417 Mun.
1035 2405 1066 2409 —
1095 2392 1135 2417 16.
1156 2393 1217 2423 dopo
1238 2393 1342 2417 mortui
1362 2395 1410 2416 etc.
1429 2400 1538 2423 seguono
1563 2393 1592 2416 in
1617 2392 1640 2416 Α
1667 2393 1690 2416 le
1712 2392 1802 2423 parole
1828 2393 1930 2416 Eodem

106 2436 250 2460 millesimo
268 2437 366 2467 segmito
386 2436 421 2460 da
439 2444 489 2459 uno
508 2437 593 2466 spatio
613 2437 700 2459 bianco
718 2439 807 2466 capace
827 2437 857 2458 di
873 2442 889 2464 4
909 2435 983 2466 rigiz:
1005 2447 1035 2451 —-
1058 2441 1098 2466 17.
1119 2435 1265 2459 millesimo
1285 2436 1311 2459 et
1329 2443 1375 2459 om.
1396 2435 1474 2459 Mun.
1493 2448 1503 2452 -
1523 2435 1668 2458 Lunixane
1687 2436 1776 2458 scritto
1791 2435 1932 2465 posterior-

104 2480 188 2501 mente
206 2477 274 2500 dallo
292 2481 366 2501 stesso
385 2479 479 2509 copis-ta
497 2479 525 2500 in
544 2477 567 2501 A
582 2481 631 2508 per
649 2478 771 2508 riempire
789 2477 884 2500 lacuna
903 2490 936 2494 —
959 2484 998 2507 τι).
1018 2477 1123 2501 Eodem
1144 2477 1289 2500 millesimo
1310 2478 1337 2500 et
1358 2484 1450 2500 mense
1469 2484 1515 2500 om.
1537 2477 1615 2501 MuR.
1637 2489 1667 2493 -
1688 2483 1730 2501 22.
1744 2477 1846 2500 Eodem
1868 2477 1930 2500 mil-

104 2519 201 2543 lesimo
227 2520 269 2546 B:
292 2520 388 2543 eodem
414 2520 456 2547 A:
480 2527 528 2544 om.
553 2519 631 2543 Mna.
652 2531 684 2535 —
705 2524 746 2549 25.
766 2519 873 2543 Mutine
893 2519 943 2542 etc.
963 2526 1009 2542 om.
1030 2519 1143 2543 BMUR.
1165 2530 1195 2534 —
1216 2517 1257 2542 26.
1283 2516 1403 2542 ccchw
1422 2526 1462 2541 om
1483 2518 1596 2542 BMua.
1613 2531 1644 2535 —
1666 2522 1707 2548 ²7·
1722 2519 1749 2541 in
1764 2537 1768 2541 .
1782 2536 1786 2541 .
1802 2537 1807 2541 .
1823 2518 1931 2541 Mutine

103 2561 192 2585 scritta
207 2563 417 2592 posteriormente
443 2562 471 2584 in
495 2561 518 2584 A
545 2561 613 2584 dallo
632 2563 706 2584 stesso
725 2562 831 2591 copista,
849 2561 879 2583 di
895 2561 993 2591 seguito
1012 2561 1081 2583 sulla
1101 2563 1212 2584 restante
1227 2563 1305 2590 parte
1325 2560 1354 2582 di
1372 2559 1443 2583 linea
1462 2562 1490 2583 s'n
1510 2560 1598 2583 bt'anco
1618 2573 1649 2577 —
1671 2561 1711 2584 28.
1732 2560 1878 2584 millesimo
1903 2561 1931 2583 et

106 2611 153 2627 om.
173 2604 251 2628 MUR.
274 2617 302 2620 —
322 2609 364 2635 32.
383 2603 484 2627 Eodem
504 2603 650 2627 millesimo
670 2603 696 2626 et
717 2610 809 2626 mense
827 2610 876 2626 om.
896 2602 965 2627 MUR

191 2689 312 2716 leastel
338 2690 500 2720 Trivellino,
528 2691 632 2714 situato
661 2697 676 2713 a
706 2697 775 2722 poca
802 2690 927 2714 distanza
952 2689 986 2714 da
1040 2690 1155 2713 Feri-ara
1174 2689 1236 2714 ordi
1257 2697 1309 2713 una
1330 2691 1466 2721 congium
1485 2697 1535 2720 per
1561 2689 1688 2713 ribellare
1715 2690 1735 2713 il
1760 2690 1873 2714 castello
1900 2690 1927 2712 di

105 2732 237 2764 Ostiglia.
1039 2731 1235 2763 Spilamberto.
1273 2731 1313 2754 Fu
1326 2732 1456 2762 scopet-to
1469 2738 1483 2754 e
1498 2731 1678 2755 condnnnato
1692 2731 1726 2754 ad
1740 2738 1815 2754 esser
1829 2732 1926 2762 appic-

190 2773 200 2789 ‘-'
220 2775 311 2799 David
331 2774 370 2798 111
391 2776 485 2798 Bruce.
1040 2774 1113 2802 cato,
1140 2780 1183 2796 mn
1208 2771 1288 2803 fuggl
1314 2773 1342 2796 ln
1368 2775 1470 2803 tempo.
1507 2772 1584 2796 Sulla
1611 2772 1742 2803 famiglia
1768 2773 1802 2795 da
1829 2772 1928 2801 Fredo,

191 2814 202 2830 ³
222 2816 263 2840 La
280 2817 410 2840 sconfitta
430 2824 555 2840 avvenne
574 2824 590 2840 a
610 2816 744 2840 Neville’s
765 2816 849 2840 Cross
864 2816 884 2839 il
902 2821 930 2846 17
946 2817 987 2839 ot·
1042 2814 1135 2837 vedasi
1156 2814 1346 2843 Tnmnoscm,
1365 2814 1518 2838 De'sionario
1531 2821 1592 2841 ecc..
1605 2815 1662 2841 cit.,
1677 2814 1696 2843 Ι,
1712 2821 1772 2845 321.
1811 2815 1873 2838 Uno
1888 2814 1931 2837 dei

104 2857 184 2881 tobre
206 2857 280 2888 1346.
1042 2855 1244 2879 Montecuccon
1258 2856 1288 2879 fu
1305 2857 1508 2880 Bartolommeo
1522 2856 1550 2879 di
1571 2856 1739 2883 Guidinellov
1754 2857 1782 2879 di
1796 2857 1841 2880 cui
1856 2857 1930 2888 pal-la

194 2898 202 2912 ⁴
222 2906 252 2930 25
274 2900 431 2923 novembre.
1042 2899 1061 2922 il
1079 2898 1205 2922 cronista
1224 2899 1268 2921 Da
1288 2898 1406 2922 Morano
1427 2898 1469 2928 (in
1489 2899 1506 2921 l.
1525 2905 1557 2924 c..
1579 2906 1622 2929 pp.
1644 2898 1760 2928 τεο-54).

191 2940 201 2955 5
221 2942 271 2965 Per
296 2942 385 2973 questi
412 2941 488 2970 fatti,
509 2949 536 2966 v.
555 2942 588 2965 G.
615 2943 805 2970 Tiasssnscm,
830 2940 907 2964 Alam.
926 2944 986 2964 star.
1131 2938 1141 2953 ‘³
1162 2940 1200 2963 La
1218 2947 1286 2970 pace
1313 2940 1341 2963 fu
1361 2940 1496 2971 stipulata
1516 2946 1563 2971 per
1587 2947 1678 2970 opera,
1697 2947 1780 2971 sopra
1799 2941 1881 2963 tutto,
1902 2939 1931 2962 di

105 2983 183 3012 Mod,
202 2983 248 3012 ΙΙΙ,
269 2989 309 3006 20.
347 2983 395 3006 Nel
418 2988 490 3014 1347,
511 2983 677 3006 trovandosi
693 2983 776 3006 Giov.
797 2982 830 3005 da
851 2982 939 3005 Fredo
960 2983 988 3004 in
1042 2981 1165 3006 Mastino
1185 2980 1256 3004 della
1276 2981 1366 3004 Scala.

1960 2695 1989 2718 15

2036 533 2056 547 c.
2077 533 2136 546 ΙΙΙΙΙ

2010 1529 2086 1551 Mun„
2102 1535 2140 1553 433

2008 1696 2027 1709 C.
2043 1696 2101 1710 [122¹
