2360 3603
60 916 97 947 10

61 1175 98 1207 15

59 1440 100 1470 20

59 1702 98 1734 25

61 1967 102 1998 30

62 2230 102 2260 35

64 2494 104 2524 40

87 2834 99 2859 5

124 222 174 258 [Α.
196 222 385 256 1332-1333]
754 217 1063 253 CHRONICON
1091 216 1320 252 ESTENSE
1879 215 1945 250 101

210 346 342 378 Eodem
365 345 544 377 millesimo
569 344 611 377 de
635 355 751 378 mense
775 345 968 377 decembris
992 345 1036 377 ad
1059 353 1179 376 sonum
1212 354 1376 385 campane
1407 342 1527 385 populi
1559 343 1726 382 Ferrarie,
1754 342 1950 375 Ferrarien-

121 409 174 431 ses
196 404 324 430 armata
347 408 447 429 manu
470 403 504 429 et
529 408 604 429 cum
628 398 752 430 navilio
776 398 912 429 iverunt
936 396 1214 438 Co[n]sandalum
1228 397 1248 434 ¹,
1273 396 1352 438 quia
1376 396 1468 428 cives
1492 395 1645 438 Argente
1670 400 1878 437 acceperant
1896 405 1953 427 ca-

122 451 242 482 thenas
258 449 392 482 stellate
409 449 652 490 Co[n]sandoli‚
670 456 703 482 et
720 450 979 482 comburserunt
1001 450 1149 492 aliquam
1166 455 1296 490 partem
1313 448 1403 480 dicte
1421 448 1565 485 stellam,
1580 454 1613 480 et
1629 453 1723 480 certa
1745 448 1951 480 molendina.

892 571 1160 604 Mcccxxxn
1163 572 1193 614 J.

208 652 260 683 De
284 662 399 683 mense
423 651 568 695 januarii
591 651 625 682 in
648 652 736 683 festo
761 651 989 683 conversionis
1012 651 1120 683 sancti
1145 651 1251 682 Pauli.
1299 651 1424 682 Gentes
1449 650 1577 682 domini
1602 649 1722 692 Legati
1738 650 1782 681 de
1799 650 1955 681 Bononia

121 709 287 736 venerunt
310 713 416 746 usque
435 704 597 735 Sanctum
621 703 806 735 Martinum
829 704 863 734 in
887 703 1040 735 districtu
1063 702 1221 735 Ferrarie
1254 704 1297 735 ad
1328 703 1443 735 villam
1468 704 1573 735 Fosse
1597 714 1695 741 nove,
1728 709 1762 734 et
1785 703 1954 744 depreda-

122 763 243 789 verunt
265 757 380 794 multa,
407 762 440 788 et
465 757 721 789 comburserunt
745 757 865 788 domos
892 763 926 789 et
958 757 1026 789 alia
1049 756 1155 794 bona3
1180 757 1286 788 ceteri
1308 767 1390 788 vero
1415 757 1563 798 ipsorum
1587 756 1792 788 transierunt
1822 756 1954 787 Padum

120 810 320 842 derobando
345 816 379 842 et
402 809 663 842 comburrendo.
710 809 874 841 Dominus
898 809 1049 841 marchio
1066 809 1268 852 Raynaldus
1285 809 1423 841 estensis
1440 819 1516 841 cum
1532 810 1661 850 populo
1685 809 1896 846 ferrariensi,
1921 815 1954 840 et

122 873 197 895 cum
222 863 347 895 navilio
371 868 554 905 pergentes
577 873 683 905 usque
707 863 824 894 turrim
846 862 1046 894 Portunarie
1071 872 1172 894 causa
1195 862 1392 893 inveniendi
1423 861 1589 900 inimicos,
1613 867 1665 893 set
1689 862 1723 893 in
1747 866 1840 893 motu
1872 871 1956 903 gen-

120 916 203 948 tium
225 915 383 947 Ferrarie
406 914 540 946 inimici
561 915 796 946 Bononienses
820 915 990 957 fugerunt,
1015 915 1190 946 audientes
1214 924 1412 956 campanam
1436 914 1572 955 populi3
1590 920 1624 946 et
1647 914 1698 945 sic
1722 914 1838 956 fugam
1863 914 1955 944 adri-

120 974 268 1010 puerunt
290 977 407 999 versus
430 967 633 998 Bononiam.

207 1019 342 1050 Eodem
364 1017 541 1049 millesimo
565 1016 620 1049 die
644 1028 682 1049 VI
707 1018 833 1049 mensis
856 1017 1030 1049 februarii.
1057 1017 1143 1049 Cum
1160 1017 1317 1050 dominus
1333 1017 1519 1048 Niccolaus
1535 1017 1687 1049 marchio
1704 1017 1853 1049 estensis'
1879 1019 1948 1050 exi-

122 1075 224 1101 steret
248 1069 291 1100 ad
314 1069 567 1102 Consandalum
592 1080 667 1101 cum
691 1070 759 1101 suis
782 1071 810 1102 F
813 1069 1060 1102 errariensibus
1084 1070 1128 1101 ad
1146 1070 1335 1102 custodiam
1359 1069 1503 1107 stellate‚
1529 1075 1562 1100 et
1585 1070 1698 1108 fovee,
1722 1080 1787 1112 que
1815 1078 1888 1103 erat
1912 1071 1956 1103 ad

121 1122 274 1154 confines
297 1122 387 1154 inter
409 1123 604 1155 Ferrariam
627 1128 662 1155 et
683 1122 883 1165 Argentam,
913 1128 1034 1165 gentes
1058 1123 1187 1154 domini
1211 1122 1316 1165 legati
1343 1122 1386 1154 de
1418 1122 1573 1154 Bononia
1599 1123 1642 1154 de
1666 1128 1767 1155 nocte
1791 1131 1957 1156 venerunt

124 1175 169 1206 ad
192 1175 320 1206 dictam
344 1175 492 1214 foveam,
516 1175 671 1206 volentes
694 1175 837 1207 transire
861 1175 895 1206 in
919 1175 1006 1214 loco,
1024 1174 1081 1217 qui
1099 1175 1223 1207 dicitur
1247 1174 1410 1206 Graxalli.
1457 1174 1546 1205 Tum
1570 1180 1689 1216 gentes
1705 1175 1887 1207 existentes
1911 1177 1956 1208 ad

122 1227 310 1259 custodiam
334 1228 426 1259 dicte
450 1228 563 1265 fovee,
596 1233 762 1269 ceperunt
793 1228 942 1259 clamare
965 1227 1182 1260 adiutorium.
1225 1227 1390 1259 Dominus
1414 1227 1565 1259 marchio
1589 1227 1789 1267 Niccolaus,
1812 1230 1957 1261 audiens

124 1281 308 1312 clamorem
331 1280 493 1322 gentium,
518 1280 697 1312 adscendit
720 1290 845 1322 equum
868 1292 963 1312 suum
987 1291 1064 1312 cum
1088 1281 1156 1312 suis
1175 1281 1286 1319 armis,
1311 1286 1345 1312 et
1363 1289 1503 1312 currens
1526 1280 1570 1311 ad
1594 1280 1717 1319 locum,
1735 1281 1867 1313 invenit
1888 1283 1956 1314 iam

122 1333 252 1375 aliquos
276 1332 434 1365 inimicos
456 1333 617 1365 transisse
641 1333 794 1370 foveam3
819 1333 911 1365 unde
935 1333 1091 1365 Marchio
1108 1334 1225 1365 volens
1241 1333 1409 1365 accedere
1427 1339 1546 1365 contra
1571 1343 1629 1364 eos
1654 1343 1721 1364 non
1746 1334 1864 1375 potuit,
1878 1335 1957 1376 quia

123 1396 230 1428 equus
254 1386 326 1417 eius
351 1385 477 1418 cecidit
492 1386 527 1417 in
544 1386 692 1428 quadam
709 1386 812 1417 fossa.
858 1386 960 1418 Tunc
983 1392 1103 1428 gentes
1126 1386 1249 1428 Legati
1274 1392 1439 1428 ceperunt
1455 1396 1542 1423 eum,
1567 1391 1600 1417 et
1616 1385 1690 1427 ipso
1709 1392 1809 1428 capto
1826 1386 1954 1420 habue-

123 1444 202 1471 runt
224 1438 392 1471 stellatam
417 1449 493 1471 cum
517 1439 592 1470 aliis
615 1439 797 1478 fortiliciis,
822 1445 856 1471 et
884 1439 1057 1471 dominum
1088 1439 1327 1472 Marchionem
1359 1439 1596 1471 conduxerunt
1628 1449 1705 1470 cum
1737 1439 1849 1471 multis
1880 1439 1956 1471 aliis

123 1491 323 1534 Argentam,
348 1491 475 1524 deinde
498 1491 688 1523 Bononiam
711 1491 746 1522 in
776 1491 931 1524 manibus
955 1492 1043 1523 illius
1074 1491 1197 1534 perfidi
1219 1492 1352 1535 Legati,
1378 1498 1411 1523 et
1434 1492 1520 1524 fecit
1543 1502 1659 1524 omnes
1684 1492 1855 1524 carcerari
1880 1502 1956 1523 cum

122 1555 246 1587 magno
269 1544 413 1577 sinistro.
460 1544 514 1576 Illi
539 1551 650 1577 autem
674 1544 842 1584 Ecclesie‚
867 1545 925 1587 qui
948 1551 1180 1577 remanserant
1211 1546 1256 1576 ad
1288 1544 1407 1576 turrim
1438 1545 1552 1583 fovee,
1584 1545 1791 1577 transierunt
1814 1546 1957 1583 Padum,

124 1604 158 1630 et
180 1598 316 1630 iverunt
339 1608 416 1629 cum
440 1603 509 1630 toto
534 1598 688 1629 exercitu
713 1597 905 1630 Ferrariam
929 1598 964 1629 in
988 1597 1097 1640 burgo
1120 1597 1285 1636 inferiori,
1310 1608 1411 1640 quem
1434 1597 1650 1630 tradiderunt
1675 1600 1759 1630 certi
1782 1598 1958 1640 prodicto-

124 1660 177 1682 res
201 1650 265 1687 eis3
291 1655 325 1681 et
354 1650 547 1682 habuerunt
577 1655 716 1691 pontem
747 1650 856 1681 sancti
889 1650 1040 1693 Georgii,
1074 1656 1108 1681 et
1137 1649 1344 1682 Pollicinum
1375 1650 1486 1682 sancti
1517 1650 1701 1688 Anthonii3
1727 1657 1760 1682 et
1783 1651 1831 1682 sic
1854 1661 1956 1692 super

123 1703 252 1746 glaram
275 1707 442 1734 venerunt
464 1702 510 1733 ad
532 1708 665 1743 portam
688 1702 797 1734 sancti
829 1701 931 1740 Petri,
964 1702 1022 1733 ubi
1054 1702 1294 1734 commiserunt
1324 1702 1507 1734 maximum
1536 1703 1695 1744 prelium,
1726 1703 1885 1736 resistens
1909 1704 1959 1735 eis

124 1754 282 1786 dominus
304 1753 509 1796 Advogarus
534 1755 576 1785 de
600 1754 754 1785 Trivixio
768 1754 790 1785 2.
835 1754 968 1786 Tamen
993 1754 1096 1796 aliqui
1120 1754 1332 1786 inimicorum
1357 1761 1523 1786 venerunt
1547 1760 1580 1786 et
1602 1755 1814 1787 intraverunt
1838 1755 1957 1786 civita-

124 1814 192 1839 tem
222 1806 390 1845 Ferrarie,
423 1812 456 1838 et
486 1811 652 1837 venerunt
683 1816 788 1848 usque
820 1806 969 1848 plateam
994 1807 1197 1838 communis.
1244 1807 1283 1838 In
1313 1807 1380 1838 fine
1411 1812 1623 1838 recesserunt
1655 1807 1699 1838 de
1731 1808 1868 1840 civitate
1895 1818 1958 1849 per

125 1861 255 1893 dictam
278 1865 411 1901 portam
434 1859 543 1891 sancti
567 1858 664 1891 Petri
680 1869 743 1900 per
766 1859 844 1898 vim,
869 1860 949 1901 quia
971 1865 1090 1901 gentes
1115 1860 1329 1892 dominorum
1347 1858 1585 1892 Marchionum
1602 1860 1737 1892 fortiter
1753 1860 1957 1892 resistebant

124 1912 285 1949 inimicis;
312 1917 346 1944 et
368 1912 549 1944 redeuntes
573 1911 609 1943 in
633 1910 747 1954 Burgo
771 1912 938 1950 inferiori,
962 1919 996 1943 et
1019 1922 1121 1954 super
1143 1912 1348 1944 Pollicinum
1364 1912 1471 1944 saneti
1488 1912 1665 1951 Anthonii‚
1684 1918 1718 1944 et
1734 1912 1781 1944 ibi
1804 1913 1960 1944 firmave-

125 1971 203 1997 runt
227 1975 384 2007 campum
407 1964 510 1996 totius
527 1964 707 2002 exercitus,
723 1965 892 1997 facientes
915 1964 1097 1997 fortilicias
1120 1965 1252 2003 multas,
1269 1965 1385 2007 ibique
1403 1971 1567 1997 steterunt
1583 1975 1645 2007 per
1660 1975 1743 1997 V1111
1763 1966 1960 2004 edomodas,

125 2024 158 2051 et
180 2018 284 2054 ult-ra;
310 2016 435 2049 cotidie
460 2016 613 2059 quolibet
630 2017 685 2049 die
703 2017 866 2059 impetum
884 2018 927 2049 ad
944 2017 1091 2050 invicem
1115 2018 1294 2057 facientes,
1310 2024 1345 2050 et
1361 2028 1438 2049 cum
1454 2018 1627 2050 trabuchis
1656 2024 1689 2050 et
1707 2018 1780 2050 aliis
1797 2018 1960 2050 hedifitiis

124 2069 378 2112 dapnificabant
401 2069 585 2107 civitatem,
610 2069 887 2111 depredabantur
910 2070 1120 2108 comitatum,
1138 2076 1171 2102 et
1187 2071 1430 2112 splanaverunt
1446 2071 1539 2102 circa
1556 2070 1738 2103 civitatem.
1784 2071 1960 2103 Navilium

126 2123 308 2155 maximum
332 2122 505 2154 habebant
526 2123 562 2153 in
585 2122 691 2160 Pado,
716 2133 793 2154 cum
817 2133 884 2165 quo
907 2123 1048 2155 multum
1079 2123 1333 2165 dapnificabant
1361 2124 1535 2155 civitatem
1560 2134 1665 2165 usque
1690 2130 1828 2165 pontem
1853 2124 1961 2157 Castri

125 2175 229 2208 tealdi
238 2188 246 2213 3
273 2180 307 2207 et
340 2174 597 2207 comburserunt
620 2180 727 2206 totum
751 2174 902 2218 Burgum
924 2176 1035 2207 sancti
1057 2174 1240 2213 Leonardi,
1265 2181 1298 2207 et
1321 2176 1427 2208 multa
1450 2176 1515 2208 alia
1539 2175 1641 2207 mala:
1669 2175 1747 2213 Que
1772 2177 1885 2208 omnia
1913 2177 1963 2208 vi-

128 2229 247 2261 dentes
270 2228 400 2260 domini
425 2226 657 2266 Marchiones,
687 2228 837 2270 undique
868 2229 1048 2271 requirunt
1079 2229 1219 2267 amicos,
1250 2228 1383 2260 scilicet
1414 2229 1641 2266 Veronenses,
1672 2229 1962 2268 Mediolanenses,

127 2281 350 2320 Florentinos,
373 2279 544 2318 Arefinos,
566 2287 604 2313 ut
628 2281 676 2313 eis
698 2287 859 2313 sucurant
868 2294 876 2319 3
902 2282 961 2324 qui
984 2281 1130 2314 viriliter
1158 2292 1275 2314 omnes
1307 2288 1530 2314 succurerunt
1560 2282 1609 2313 eis
1618 2294 1626 2319 ;
1659 2282 1759 2313 etiam
1789 2282 1964 2314 Mantuani

126 2335 289 2366 miserunt
311 2340 431 2376 gentes
454 2343 604 2376 magnas,
629 2334 752 2376 quibus
775 2335 931 2366 omnibus
954 2335 1180 2378 congregatis,
1205 2341 1435 2376 operaverunt
1458 2335 1601 2366 viriliter
1624 2335 1713 2367 vires
1737 2345 1864 2367 eorum.

214 2387 346 2419 Eodem
369 2386 556 2424 millesimo,
582 2386 639 2419 die
663 2396 744 2418 XIIII
769 2387 957 2419 felicissimi
981 2393 1015 2419 et
1038 2386 1196 2419 notabilis
1212 2387 1338 2418 mensis
1362 2387 1496 2428 aprelis.
1544 2387 1631 2419 Cum
1648 2388 1840 2420 antedictus
1865 2397 1960 2420 exer-

128 2440 213 2472 citus
238 2440 397 2472 existeret
418 2439 455 2470 in
478 2439 593 2482 Burgo
616 2440 780 2478 inferiori,
806 2447 838 2472 et
861 2451 963 2482 super
979 2440 1171 2472 Policinum
1188 2440 1296 2472 sancti
1312 2439 1486 2478 Anthonii‚
1504 2446 1682 2482 sperantes
1707 2439 1751 2471 de
1775 2440 1830 2472 die
1845 2441 1882 2472 in
1907 2441 1962 2472 die

129 2503 254 2534 capere
270 2492 443 2525 civitatem
467 2493 496 2524 F
498 2492 624 2525 errarie
647 2503 709 2535 per
725 2494 803 2531 vim,
820 2494 876 2525 vel
892 2499 1002 2536 pacta,
1027 2504 1173 2525 summus
1190 2493 1350 2536 Largitor
1373 2494 1520 2525 omnium
1537 2493 1770 2535 perfectorum
1788 2493 1962 2532 bonorum,

127 2552 160 2578 et
177 2547 324 2578 cathena
347 2556 413 2588 que
437 2556 554 2578 omnes
571 2546 654 2577 alias
670 2546 838 2588 potentias
854 2546 1034 2588 vilipendit
1051 2553 1083 2578 et
1098 2547 1193 2590 ligat,
1218 2547 1336 2580 volens
1359 2546 1627 2579 misericordiam
1648 2557 1741 2578 suam
1764 2547 1962 2589 impendere

220 2670 242 2688 1.
262 2669 360 2686 sonum
378 2663 421 2689 A,·
440 2669 578 2687 sommum
597 2663 640 2690 B,·
660 2663 782 2687 sonitum
803 2663 881 2688 Mun.
895 2677 926 2681 —
946 2670 970 2694 9.
991 2665 1136 2695 pergentes
1153 2664 1231 2690 AB;
1251 2664 1431 2696 perrexerunt
1450 2663 1529 2688 Mun.
1544 2676 1576 2680 —
1600 2670 1638 2687 12.
1657 2665 1687 2686 in
1706 2664 1825 2694 matgz'ne
1844 2664 1874 2686 di
1891 2672 1965 2687 mano

130 2705 223 2727 seriore
242 2703 332 2728 frater
350 2704 490 2737 Raynaldi
509 2706 537 2728 et
556 2704 690 2729 Obizonis
705 2717 736 2722 —
754 2711 793 2736 13.
807 2705 841 2728 ad
855 2704 1063 2729 Consandalum
1085 2705 1177 2734 MUR.;
1198 2705 1405 2730 Consandalum
1424 2705 1447 2728 Α
1470 2718 1502 2722 -
1525 2712 1563 2736 14.
1583 2704 1708 2729 confinos
1726 2705 1750 2727 A
1770 2718 1802 2721 —
1826 2710 1864 2735 17.
1884 2712 1964 2737 equrn

130 2746 153 2769 Α
174 2759 205 2763 —-
223 2752 261 2776 19.
281 2753 347 2777 equs
366 2746 390 2769 Α
402 2760 434 2763 -
449 2751 491 2776 27.
510 2746 544 2769 ad
563 2747 683 2778 plateam
703 2746 782 2771 Mun.
797 2759 829 2763 -—
850 2752 891 2776 29.
905 2747 934 2770 et·
952 2745 1003 2778 ibi]
1025 2746 1066 2770 ibi
1085 2747 1162 2772 Mun.
1178 2760 1209 2764 -
1230 2747 1320 2777 38-39.
1341 2747 1384 2770 nel
1401 2747 1520 2777 margfnc
1539 2747 1568 2769 di
1585 2747 1694 2769 sinistra
1713 2747 1742 2769 z'n
1760 2747 1798 2770 A:
1821 2745 1915 2778 [not]a
1934 2746 1966 2769 de

130 2787 262 2812 conflictu
287 2788 502 2813 bononiensium
523 2788 562 2820 [et
581 2786 718 2818 0]mnium
737 2789 862 2820 gentium
876 2789 1042 2819 nequissimi
1063 2788 1174 2820 [l]egati
1193 2789 1313 2812 dominis
1334 2788 1542 2812 marchionibus
1562 2788 1687 2820 [es]tens.
1701 2787 1823 2812 dominis
1843 2788 1966 2812 Ferrarie

132 2831 159 2852 et
178 2830 309 2860 gentibus
335 2828 456 2860 [eo]rum
475 2842 507 2847 —
528 2836 569 2861 40.
588 2829 790 2861 perfectorum]
810 2829 985 2862 perfectuum
1004 2830 1028 2853 Α

220 2920 227 2937 ¹
246 2921 426 2946 Consandolo
446 2922 571 2946 frazione
591 2922 633 2947 del
652 2930 768 2947 comune
787 2924 816 2947 di
839 2924 975 2955 Argenta.
1074 2923 1140 2947 ciale
1160 2923 1229 2947 dello
1252 2923 1392 2955 Scaliger-0
1419 2923 1471 2946 alla
1489 2923 1607 2954 guardia
1635 2922 1664 2945 di
1684 2923 1765 2953 porta
1784 2929 1832 2946 san
1860 2922 1963 2946 pietro.

220 2962 230 2978 ²
250 2963 377 2988 Guecello
397 2964 541 2995 Tempesti
560 2964 703 2995 Avogario
723 2964 751 2988 di
771 2965 889 2989 Treviso
909 2965 942 2988 ed
962 2965 1020 2989 uffi-
1076 2964 1118 2989 Cf.
1139 2965 1248 2994 Fruzzx,
1267 2968 1305 2995 op.
1325 2965 1382 2992 cit..
1403 2965 1449 2993 ΠΙ,
1471 2970 1531 2997 259.

2025 1035 2062 1048 C.v
2097 1035 2107 1047 r
