2360 3603
211 1973 230 1986 c.
244 1973 304 1991 ¹⁰5⁰

173 2333 246 2356 MUR..
260 2338 280 2354 c,
295 2338 332 2356 ⁴²3

324 2899 354 2916 10

382 296 450 331 132
1001 291 1309 328 CHRONICON
1338 292 1566 326 ESTENSE
2031 296 2081 330 [A.
2103 297 2195 330 1345]

375 437 488 469 regem
513 436 580 457 non
604 425 698 457 vidit.
744 426 842 455 Tunc
875 424 987 454 nutrix
1010 423 1215 465 interogavit
1240 423 1402 464 reginam,
1428 423 1562 454 dicens:
1588 422 1644 452 ubi
1665 426 1711 452 est
1733 422 1896 453 Dominus
1923 422 2040 453 meus?
2063 422 2197 463 Regina

376 480 564 521 respondit:
589 479 694 509 nescio
717 478 774 508 ubi
794 478 856 517 sit;
879 477 1042 508 Dominus
1065 481 1139 507 tuns
1163 481 1211 506 est
1228 476 1325 506 nimis
1348 476 1482 506 invem.
1529 475 1629 506 Tunc
1646 476 1759 506 nutrix
1783 475 1917 507 intuens
1940 486 2014 506 eam
2038 475 2124 506 male
2148 475 2197 506 di-

376 533 546 574 spositam,
570 531 708 562 recessit
732 531 776 562 de
800 540 935 561 camera
959 540 1035 560 cum
1063 530 1211 571 quodam
1236 528 1372 565 lumine,
1399 537 1544 570 querens
1575 527 1747 559 dominum
1779 539 1874 559 suum
1906 534 2051 570 segrete.
2097 528 2197 559 Tunc

376 585 561 626 respiciens
591 593 708 615 versus
737 582 948 620 viridarium,
979 582 1136 622 apparuit
1167 581 1196 612 ei
1230 581 1285 612 lux
1309 581 1464 618 maxima,
1483 581 1530 611 'et
1560 580 1693 611 maximi
1725 581 1914 621 splendoris
1947 581 2034 612 adeo
2058 586 2199 622 propter

377 637 575 669 miraculum
604 642 641 667 ut
672 635 909 677 propalaretur
938 634 1004 666 tale
1035 639 1226 675 peccatum.
1272 634 1372 664 Tunc
1404 634 1518 664 nutrix
1549 633 1635 664 vidit
1658 633 1766 674 ipsum
1798 643 1913 676 regem
1945 633 2114 675 jacentem
2145 644 2198 664 su-

376 701 436 732 per
459 689 566 727 erbas,
590 695 634 726 et,
659 689 804 720 credens
827 688 937 729 ipsum
962 687 1120 724 dormire,
1144 697 1281 718 reversa
1305 692 1353 717 est
1378 687 1421 717 ad
1446 686 1608 728 reginam,
1633 686 1784 728 dixitque
1809 686 1859 717 ei:
1885 686 2040 725 Domina,
2064 686 2142 717 Rex
2164 686 2199 716 in

374 747 446 774 orto
469 742 602 773 dormit.
649 742 786 784 Regina
808 740 1000 782 respondit:
1025 739 1209 781 pcrmz'ctas
1243 750 1315 770 cum
1339 739 1504 779 ‹l‹›)·1m're;
1529 739 1681 780 quamvis
1712 739 1784 780 ipsa
1815 739 1944 770 sciebat
1975 749 2051 770 eum
2075 739 2200 769 defun-

377 801 478 827 ctum.
523 796 622 826 Tunc
654 795 776 831 nutrix,
801 803 866 835 que
890 803 958 824 non
990 793 1159 823 modicum
1195 791 1358 834 diligebat
1392 791 1510 832 ipsum,
1542 792 1694 833 ingressa
1726 798 1776 822 est
1807 791 2016 830 viridarium,
2049 798 2082 822 et
2114 791 2199 822 vidit

376 848 484 889 ipsum
509 853 676 878 mortuum
701 847 735 877 in
761 845 842 877 erba
866 856 942 876 cum
967 845 1089 887 laqueo
1114 845 1328 881 suffocatum,
1353 850 1386 875 et
1410 855 1486 875 cum
1510 844 1577 875 suis
1602 844 1733 885 caligis,
1762 854 1902 886 quarum
1926 855 1993 875 una
2016 850 2088 874 erat
2111 843 2199 882 alba,

375 902 482 932 altera
505 901 620 938 rubea,
645 906 678 931 et
697 900 811 940 alupta
827 909 894 930 una
912 899 1084 937 deaurata,
1109 898 1175 928 alia
1198 897 1306 939 nigra.
1353 897 1392 928 In
1416 898 1499 928 hore
1525 897 1608 928 dicti
1632 897 1723 939 regis
1748 897 1878 928 invenit
1902 897 2047 938 aliquam
2071 902 2200 937 partem

376 964 493 984 manus
515 953 674 991 Bestram,
699 952 755 995 qui
779 950 955 983 occiderat
979 962 1066 988 eum,
1091 961 1191 992 quam
1223 950 1378 981 dentibus
1408 951 1589 981 truncavit.
1635 950 1736 980 Tunc
1766 949 1877 981 nutrix
1910 950 2001 990 cepit
2025 949 2200 981 durissime

375 1007 465 1043 flere,
490 1012 629 1047 propter
653 1016 753 1047 quam
769 1005 936 1036 nutricem
960 1004 1174 1045 propalatum
1200 1010 1250 1035 est
1273 1002 1516 1045 nequissimum
1540 1010 1731 1044 peccatum.
1777 1002 1914 1044 Regina
1937 1002 2097 1034 meretrix
2121 1008 2200 1034 tunc

377 1069 453 1090 cum
475 1059 543 1090 suis
565 1057 791 1090 ascenderunt
815 1067 921 1099 equos
945 1063 979 1088 et
1002 1056 1178 1088 redierunt
1202 1056 1393 1096 Neapolim,
1419 1062 1452 1086 et
1476 1056 1560 1086 fecit
1584 1055 1734 1096 aportari
1752 1066 1875 1096 corpus
1889 1056 1980 1095 regis
1997 1055 2095 1086 etiam
2111 1055 2202 1086 Nea-

376 1111 492 1152 polim,
518 1117 551 1142 et
575 1112 618 1143 de
643 1117 742 1142 nocte
767 1110 850 1142 fecit
872 1111 983 1151 ipsum
1006 1109 1155 1150 sepelliri
1170 1110 1190 1141 ¹.
1237 1109 1360 1140 Postea
1383 1109 1542 1139 meretrix
1566 1118 1642 1139 cum
1668 1108 1767 1139 dictis
1791 1107 2043 1148 prodictoribus
2065 1109 2202 1139 iverunt

375 1163 411 1194 in
435 1169 544 1195 castro
568 1173 639 1202 suo,
662 1163 775 1205 ibique
800 1164 842 1194 de
866 1162 966 1193 armis
989 1162 1200 1193 defensionis
1223 1161 1363 1192 munivit
1387 1168 1543 1199 castrum,
1560 1161 1638 1202 quia
1655 1161 1721 1192 iam
1740 1161 1913 1203 cogitabat
1929 1160 2011 1202 quid
2034 1160 2097 1192 sibi
2123 1171 2202 1192 eve—

376 1217 470 1253 niret,
495 1217 631 1259 quando
657 1222 771 1247 notum
795 1222 883 1247 esset
905 1215 1044 1256 populo.
1091 1214 1170 1246 Alio
1194 1224 1292 1246 mane
1325 1214 1536 1255 propalatum
1555 1214 1619 1245 fuit
1642 1214 1769 1255 populo
1794 1214 1878 1250 hoc3
1904 1223 2019 1244 omnes
2044 1219 2123 1244 tunc
2148 1224 2201 1244 ar-

376 1275 464 1300 mata
487 1280 587 1300 manu
613 1276 770 1300 curentes
800 1269 844 1300 ad
875 1268 1048 1310 palatium,
1073 1268 1272 1299 clamantes:
1298 1268 1487 1298 moriantur
1520 1267 1740 1309 prodictores,
1766 1267 1826 1308 qni
1855 1267 2020 1297 dominum
2052 1270 2200 1297 nostrum

376 1323 566 1353 occiderunt
577 1321 600 1354 ².
647 1321 726 1358 Quo
751 1322 877 1358 audito,
902 1321 1021 1363 regina
1055 1321 1141 1352 fecit
1171 1320 1306 1362 bapniri
1331 1321 1422 1362 quod
1445 1330 1556 1357 nemo,
1588 1320 1829 1362 cuiuscumque
1854 1319 2089 1357 condictionis,
2114 1319 2204 1350 foret

377 1385 481 1406 auxus
504 1375 595 1406 ferre
619 1385 711 1406 arma
734 1374 795 1405 sub
819 1384 908 1415 pena
925 1384 1079 1414 persone,
1097 1374 1228 1405 scilicet
1251 1374 1341 1409 vite;
1367 1379 1401 1404 et
1417 1379 1513 1404 extra
1536 1379 1683 1404 castrum
1708 1373 1804 1404 mixit
1827 1372 2001 1403 dominum
2025 1372 2203 1414 Raymun-

376 1428 466 1465 dum,
483 1439 585 1459 unum
603 1438 644 1458 ex
661 1427 923 1468 prodictoribus,
948 1427 991 1458 ad
1008 1427 1258 1467 providendum
1281 1426 1323 1457 de
1349 1426 1464 1457 armis:
1490 1425 1582 1467 quod
1599 1426 1735 1457 fortiter
1752 1425 1924 1465 displicuit
1948 1424 2087 1465 populo,
2111 1424 2203 1464 prin-

377 1482 447 1521 cipi
472 1481 515 1512 de
539 1481 718 1518 Tarantro,
742 1487 776 1511 et
792 1479 872 1511 duci
888 1480 931 1510 de
949 1480 1118 1521 Duraeco3
1145 1485 1285 1519 propter
1302 1479 1393 1520 quod
1411 1484 1530 1518 captus
1554 1478 1618 1509 fuit
1642 1477 1798 1509 dominus
1822 1477 2046 1520 Raymundus
2071 1482 2105 1507 et
2122 1486 2203 1507 con-

377 1535 498 1565 ductus
521 1544 622 1573 super
646 1533 794 1574 plateam
825 1532 1000 1572 Neapolis,
1033 1538 1066 1563 et
1097 1532 1256 1563 fecerunt
1279 1532 1389 1573 ipsum
1421 1531 1586 1573 flagellari
1620 1541 1735 1562 coram
1758 1530 1897 1571 populo.
1944 1530 2088 1570 Propter
2112 1530 2203 1572 quod

377 1587 544 1630 flagellum
571 1586 748 1617 confessus
771 1585 846 1622 fuit,
871 1586 963 1627 quod
988 1586 1030 1616 de
1055 1595 1170 1617 mense
1194 1585 1279 1615 iunii
1304 1585 1507 1615 interfuerat
1532 1583 1667 1615 cuidam
1700 1583 1864 1615 conscilio
1890 1594 1965 1615 cum
1998 1582 2099 1614 dictis
2123 1592 2204 1622 pro-

379 1639 563 1671 dictoribus
587 1639 621 1669 in
645 1638 782 1670 civitate
807 1638 935 1678 Capue,
958 1638 995 1668 in
1019 1648 1086 1679 quo
1111 1643 1340 1668 tractaverunt
1365 1642 1508 1667 mortem
1542 1635 1625 1668 dicti
1650 1637 1756 1677 regis3
1782 1641 1834 1667 set
1849 1635 1883 1666 in
1908 1636 2000 1667 dicto
2034 1636 2110 1668 loco
2134 1645 2202 1666 non

377 1693 515 1724 fuerunt
539 1692 740 1729 concordes,
764 1701 826 1722 nec
850 1690 884 1721 in
916 1690 1053 1721 civitate
1081 1690 1244 1730 Neapolis
1270 1690 1383 1721 etiam.
1429 1689 1564 1720 Deinde
1588 1689 1631 1720 de
1663 1689 1862 1729 volunptate
1887 1688 1980 1720 dicte
2003 1688 2201 1726 meretricis,

376 1757 441 1788 que
459 1744 594 1786 penitus
611 1743 748 1775 volebat
764 1744 872 1784 ipsum
891 1743 986 1780 mori,
1004 1744 1118 1774 datum
1136 1743 1200 1774 fuit
1216 1742 1278 1774 sibi
1295 1752 1463 1773 venenum
1480 1741 1542 1778 bis,
1567 1747 1617 1772 set
1634 1741 1756 1772 nullius
1773 1741 1837 1772 fuit
1853 1741 1978 1773 valoris
2002 1741 2035 1771 in
2052 1741 2202 1782 dampno

375 1799 464 1842 regis
488 1804 628 1839 propter
653 1797 766 1838 aliqua
790 1806 855 1838 que
879 1806 993 1827 secum
1024 1795 1167 1827 ferebat.
1215 1795 1379 1827 Meretrix
1409 1795 1530 1826 videns
1561 1794 1653 1836 quod
1685 1794 1789 1825 nichil
1823 1794 1852 1825 ei
1883 1794 2040 1831 nocebat,
2072 1800 2203 1826 secrete

376 1852 469 1883 mixit
493 1860 555 1892 pro
580 1850 680 1882 dictis
703 1848 965 1890 prodictoribus‚
991 1855 1023 1880 et
1047 1858 1206 1890 expresse
1231 1848 1314 1879 dixit
1338 1859 1377 1879 ac
1403 1847 1559 1889 precepit
1583 1848 1643 1885 eis,
1676 1846 1777 1889 quod,
1802 1847 1864 1878 sub
1889 1857 1978 1887 pena
2001 1847 2109 1889 gratie
2133 1857 2203 1884 sue,

377 1906 514 1936 modum
539 1904 738 1946 cogitarent,
762 1909 799 1934 ut
822 1913 882 1933 rex
905 1901 1081 1938 moriatur;
1107 1901 1163 1943 qui
1189 1900 1387 1933 concordati
1411 1906 1488 1932 sunt
1520 1900 1568 1931 ire
1592 1906 1738 1932 castrum
1762 1911 1866 1940 supra
1890 1900 2051 1931 marinam
2076 1899 2120 1931 ad
2145 1900 2205 1930 de-

380 1955 602 1989 liberandum'
628 1962 768 1987 mortem
793 1954 875 1986 dicti
898 1955 998 1996 regis,
1017 1961 1050 1986 et
1066 1955 1205 1986 modum
1230 1953 1409 1986 commodo
1428 1954 1532 1985 fieret.
1579 1953 1622 1985 Et
1645 1964 1762 1984 omnes
1784 1953 1972 1984 nominavit
1988 1952 2204 1989 tradictores,

377 2016 515 2051 propter
539 2010 634 2040 cuius
658 2008 907 2040 confessionem
933 2008 1092 2048 princeps
1116 2007 1158 2038 de
1183 2008 1363 2044 Tar-antro,
1389 2007 1458 2038 dux
1481 2006 1524 2037 de
1548 2006 1707 2048 Duracco
1740 2017 1816 2037 cum
1848 2006 1991 2037 maxima
2016 2005 2204 2048 quantitate

377 2063 495 2104 populi
518 2062 650 2094 iverunt
673 2061 716 2092 ad
740 2061 853 2093 locum
885 2060 943 2092 ubi
975 2060 1129 2101 sepultus
1153 2065 1225 2092 erat
1249 2060 1423 2101 predictus
1446 2069 1516 2097 rex,
1542 2065 1575 2090 et
1605 2060 1784 2090 voluerunt
1811 2059 1920 2100 ipsum
1943 2057 2078 2095 videre3
2103 2068 2204 2100 quem

377 2116 535 2147 viderunt
557 2115 658 2145 modo
683 2114 854 2145 antedicto
879 2123 955 2144 cum
986 2114 1110 2155 laqueo
1135 2119 1199 2144 etc.
1232 2113 1376 2153 Propter
1400 2113 1493 2154 quod
1524 2112 1596 2144 fieri
1628 2112 1786 2143 fecerunt
1816 2112 1975 2142 vexillum
2008 2111 2137 2152 pictum
2169 2110 2205 2141 in

377 2178 443 2210 quo
468 2174 539 2199 erat
562 2168 722 2210 figuratus
745 2178 805 2198 rex
828 2167 1020 2198 antedictus
1043 2177 1120 2198 cum
1144 2167 1278 2208 laqueo,
1304 2172 1347 2204 et,
1371 2165 1434 2196 sub
1462 2165 1555 2196 dicto
1579 2166 1716 2202 vexillo,
1740 2165 1914 2206 princeps,
1939 2165 2009 2196 dux
2033 2174 2109 2195 cum
2142 2173 2204 2204 po-

378 2221 458 2261 pulo
481 2221 615 2252 iverunt
638 2226 795 2257 castrum,
820 2220 854 2250 in
878 2230 943 2261 quo
973 2225 1044 2250 erat
1075 2219 1167 2251 dicta
1200 2219 1360 2250 meretrix
1391 2229 1467 2250 cum
1500 2218 1762 2259 prodictoribus‚
1790 2217 1989 2250 clamantes:
2015 2217 2204 2248 moriantur

376 2275 585 2316 prodictores
608 2278 640 2304 ct
663 2273 807 2314 Regina
830 2272 1009 2313 meretrix;
1034 2278 1068 2303 et
1091 2277 1372 2314 expugnaverunt
1397 2277 1553 2303 castrum.
1599 2271 1731 2302 Tamen
1755 2270 1805 2301 illi
1822 2270 2037 2311 prodictores
2060 2269 2203 2301 viriliter

382 2338 417 2359 se
442 2325 671 2358 defenderunt
694 2327 740 2357 ita
764 2327 856 2368 quod
880 2326 1014 2367 penitus
1037 2325 1210 2367 adquievit
1234 2325 1389 2366 prelium,
1414 2331 1447 2356 et
1470 2324 1600 2356 mor'tui
1624 2325 1762 2356 fuerunt
1778 2329 1846 2355 tres
1871 2324 1915 2355 de
1938 2322 2077 2364 populo.
2122 2322 2205 2354 Post

464 2466 487 2489 4.
507 2464 522 2481 a
541 2457 592 2481 deo
611 2457 634 2480 Α
655 2470 686 2473 -
706 2457 730 2480 6.
750 2457 790 2480 eis
808 2458 837 2479 in
856 2457 879 2479 A
899 2463 944 2480 con
963 2463 975 2479 s
994 2456 1132 2479 cancellato
1151 2463 1196 2479 con
1216 2463 1252 2478 un
1272 2456 1329 2486 rigo
1351 2469 1381 2472 —
1406 2462 1445 2479 12.
1465 2455 1538 2479 nutr.
1559 2455 1602 2481 A:
1622 2454 1738 2478 nutricis
1758 2455 1799 2480 B,·
1819 2460 1914 2477 vocem
1934 2454 2052 2477 nutricis
2071 2453 2149 2476 Mun.
2171 2465 2203 2468 —-

380 2505 420 2529 13.
439 2499 534 2530 etiarn]
555 2501 582 2524 et
602 2500 645 2526 B,-
664 2507 712 2523 om.
732 2499 810 2522 Mun.
831 2512 862 2515 —
885 2505 924 2529 14.
943 2497 1046 2530 ipsum]
1067 2505 1127 2521 eum
1146 2498 1258 2522 BMUR.
1279 2511 1310 2515 —-
1334 2504 1373 2528 ¹5·
1392 2496 1497 2521 defens.
1516 2496 1559 2523 Α,-
1578 2497 1706 2520 defensae
1726 2495 1804 2520 Mun.
1826 2509 1856 2512 —
1874 2494 1911 2519 16.
1932 2494 2054 2527 quando]
2069 2494 2202 2526 quoniam

378 2541 455 2565 Mun.
475 2554 485 2558 -
505 2539 694 2573 propalatum]
716 2540 855 2572 prolatum
875 2540 899 2562 Β
918 2539 996 2564 MUR.
1017 2553 1049 2556 —
1070 2545 1112 2563 21.
1132 2539 1257 2563 Taranto
1276 2546 1343 2562 corr.
1364 2539 1442 2562 Mun.
1464 2552 1491 2554 ν-
1515 2545 1556 2569 31.
1577 2538 1703 2562 Taranto
1723 2544 1788 2561 corr.
1810 2536 1887 2561 MUR.

468 2640 607 2665 ¹Rimase
633 2642 728 2664 invece
755 2641 775 2664 il
800 2648 884 2673 corpo
911 2641 1048 2673 insepolto
1075 2648 1123 2672 per
1148 2641 1262 2672 qualche

379 2685 480 2715 giorno
504 2682 592 2707 finche
613 2683 716 2707 Orsnio
745 2683 884 2706 Minutolo
910 2682 1029 2713 patrizio
1056 2682 1225 2714 napoletano
1251 2689 1265 2705 e

379 2726 514 2749 canonico
529 2725 573 2748 del
587 2725 697 2749 Duomo
712 2724 740 2747 di
760 2725 861 2756 Napoli
877 2731 891 2747 a
912 2724 1024 2756 proprie
1039 2731 1115 2754 spese
1135 2724 1172 2755 gli
1187 2723 1265 2747 diede

379 2767 474 2790 tomba
493 2766 538 2790 nel
558 2766 669 2790 Duomo
695 2766 844 2790 medesimo
870 2767 943 2790 nella
966 2766 1092 2797 cappella
1120 2765 1204 2793 reale:
1233 2766 1264 2788 T.

379 2808 574 2837 Came—moto,
599 2807 658 2831 Vita
678 2808 791 2831 loannae
811 2810 869 2835 etc„
890 2808 918 2830 in
938 2808 956 2832 1.
973 2815 996 2831 c.

468 2847 478 2863 ²
496 2850 528 2872 In
548 2851 653 2881 questo,
667 2857 743 2873 come
756 2850 784 2873 in
806 2849 885 2872 molti
899 2849 963 2872 altri
983 2850 1063 2881 punti
1076 2849 1119 2872 del
1132 2850 1265 2872 racconto

381 2891 450 2915 della
469 2893 558 2915 morte
577 2891 604 2914 di
626 2891 745 2920 Andrea,
766 2891 785 2914 11
808 2890 950 2914 Chrom‘con
963 2891 988 2914 si
1002 2892 1093 2914 stacca
1112 2890 1184 2913 dalle
1203 2897 1266 2913 nar-

380 2933 487 2956 razioni
507 2933 678 2964 napoletane.
715 2930 791 2961 Cosl,
804 2932 927 2955 soltanto
946 2931 968 2954 il
990 2931 1132 2954 Chronicon
1146 2932 1266 2960 afferma,

380 2975 479 2997 contro
498 2974 517 2997 11
538 2981 612 3002 vero,
630 2974 679 2996 che
698 2973 717 2997 il
743 2974 844 3005 popolo
865 2974 972 2997 insorse
993 2973 1012 2996 il
1039 2971 1066 2996 di
1085 2974 1218 3004 seguente
1243 2973 1267 2995 al

381 3016 480 3039 delitto
508 3015 569 3045 (alio
594 3014 678 3045 mane)
697 3016 796 3038 contro
822 3015 848 3038 la
867 3015 964 3045 regina
990 3022 1004 3038 e
1023 3015 1072 3038 che
1099 3016 1106 3037 i
1131 3014 1266 3045 colpevoli

379 3058 480 3082 turono
500 3058 750 3082 immediatamente
768 3057 930 3089 giustiziatI.
967 3057 1064 3080 Anche
1079 3058 1108 3080 in
1127 3057 1191 3079 altri
1205 3062 1266 3087 par-

1316 2639 1431 2669 ticolari,
1452 2639 1470 2662 il
1494 2638 1638 2661 Chronicon
1652 2639 1758 2661 mostra
1777 2645 1832 2661 una
1850 2644 1899 2661 sua
1918 2636 2063 2660 fisonomia
2076 2637 2206 2669 speciale.

1318 2682 1339 2705 E
1359 2681 1468 2705 diversa
1487 2679 1501 2704 e
1514 2688 1582 2711 pure
1601 2680 1628 2703 la
1649 2679 1811 2703 narrazione
1830 2679 1870 2702 del
1890 2679 1934 2703 Da
1953 2679 2078 2708 Morano,
2097 2678 2115 2702 11
2129 2679 2207 2710 quale

1316 2722 1393 2747 crede
1408 2723 1558 2746 innocente
1577 2722 1602 2745 la
1616 2721 1711 2752 regina
1731 2720 1881 2744 Giovanna
1895 2727 1909 2744 e
1929 2728 1986 2744 non
2000 2719 2139 2744 s‘accorda
2152 2727 2206 2744 con

1317 2771 1414 2788 nessun
1440 2764 1563 2787 cronista
1590 2762 1829 2794 nen'esposizione
1855 2762 1899 2786 del
1925 2761 2008 2786 fatto.
2047 2761 2153 2791 Invece,
2178 2761 2207 2785 la

1316 2813 1438 2830 cronaca
1463 2805 1619 2836 bolognese‚
1639 2805 1706 2827 nota
1730 2804 1805 2827 sotto
1825 2804 1846 2826 il
1872 2810 1954 2827 nome
1979 2803 2008 2826 di
2034 2803 2205 2834 Varignana‚

1317 2847 1444 2878 dipende,
1465 2847 1699 2875 indirettamente,
1718 2845 1763 2868 dal
1787 2844 1939 2868 chronicon.
1977 2844 2026 2868 Nel
2044 2844 2135 2868 Chron.
2151 2851 2204 2876 reg.

1318 2889 1364 2912 dei
1390 2888 1495 2912 Gazata
1521 2887 1635 2918 (xvm,
1655 2886 1698 2916 63)
1725 2888 1749 2910 si
1775 2885 1809 2909 da
1835 2885 1904 2910 della
1925 2887 2014 2909 morte
2040 2886 2068 2909 di
2093 2886 2206 2909 Andrea

1318 2938 1373 2955 una
1385 2931 1514 2954 versione
1527 2930 1695 2953 certamente
1709 2931 1801 2952 errata
1814 2936 1828 2952 e
1841 2929 1867 2952 la
1881 2929 1977 2960 regina
1990 2928 2017 2952 vi
2033 2926 2046 2951 ὲ
2059 2929 2206 2957 chismate„

1318 2979 1395 2995 come
1420 2973 1463 2995 nel
1492 2971 1585 2995 Chron.
1606 2971 1673 2997 Est.,
1698 2971 1852 2994 “meretrix
1866 2986 1888 3000 „.
1924 2971 1985 2994 Una
2011 2969 2206 3001 particolareg-

1318 3014 1393 3045 ginta
1414 3014 1575 3038 narrazione
1601 3012 1615 3037 ὲ
1637 3013 1710 3042 data,
1730 3011 1826 3036 com’e
1851 3013 1986 3042 naturale,
2006 3012 2050 3035 dal
2070 3012 2206 3036 Gravinu-

1320 3056 1360 3079 Ne
1380 3056 1495 3088 pariano
1515 3055 1601 3078 anche
1622 3056 1629 3077 1
1650 3053 1783 3083 Cortusii,
1803 3054 1823 3077 il
1844 3054 1902 3083 Dei,
1923 3054 1941 3077 11
1962 3054 2089 3077 i’almieri
2108 3060 2162 3077 ecc.

2227 897 2264 927 10

2229 1160 2265 1191 15

2227 1425 2268 1454 20

2228 1952 2269 1984 30

2227 2214 2268 2247 35

2237 2643 2265 2668 15

2234 2853 2268 2871 20

2235 3059 2266 3084 ²3
