2360 3603
318 2140 329 2163 5

302 2350 332 2366 10

302 2554 329 2577 ¹5

298 2763 331 2780 20

301 2970 332 2996 25

996 223 1310 258 CHRONICON
1339 223 1566 259 ESTENSE
2029 230 2081 264 [A.
2103 233 2195 264 1344]

365 357 610 396 volumptatem
634 359 774 395 propter
797 353 868 384 eius
891 353 1110 384 securitatem
1135 353 1178 383 ad
1211 358 1355 383 castrum
1381 352 1552 389 Monticli,
1577 352 1634 384 ubi
1657 353 1789 384 invenit
1812 353 1935 385 multos
1958 354 2002 386 de
2034 354 2114 392 suis,
2139 355 2198 396 qui

363 409 590 450 expectabant
616 418 701 443 eum,
728 416 803 436 cum
829 406 949 447 quibus
973 405 1099 436 deinde
1130 405 1332 436 recedentes
1355 405 1530 436 redierunt
1555 406 1725 437 civitatem
1758 406 1897 442 Parme;
1923 412 1956 438 et
1979 408 2013 438 in
2036 408 2196 448 predicto

365 471 484 501 campo
503 460 594 500 capti
617 463 851 488 remanserunt
875 457 976 487 etiam
993 457 1027 487 in
1052 456 1206 487 manibus
1230 456 1358 488 domini
1382 456 1565 499 Phylypini
1583 462 1617 488 et
1639 457 1794 499 gentium
1818 458 1946 489 domini
1963 458 2111 490 Luchini
2136 459 2198 490 do—

363 513 471 543 minus
495 511 679 543 Ghibertus
697 510 739 541 de
763 510 902 551 Foyano
928 519 1004 540 cum
1028 509 1228 540 Bertholino
1254 509 1325 540 eius
1348 514 1473 550 nepote
1491 515 1526 540 et
1541 509 1718 541 Lodovico
1743 509 1815 540 eius
1839 509 1907 541 filio
1920 509 1939 547 ¹,
1963 511 2137 552 Johannes
2153 511 2196 543 de

361 565 510 606 Corigia,
536 563 693 595 dominus
716 562 889 603 Johannes
907 562 950 593 de
966 561 1155 593 Malatestis
1179 563 1224 593 de
1248 561 1414 599 Arimino,
1439 562 1595 594 Sassolus
1613 563 1656 593 de
1674 562 1809 594 Sassolo
1823 562 1844 600 ²,
1870 563 2031 606 Galacius
2055 565 2098 595 de
2122 564 2197 595 Me-

361 618 445 649 dicis
463 618 505 648 de
523 615 690 651 Ferraria,
709 613 794 645 Sara
812 615 855 645 de
872 613 1122 654 Constabi[li]s³
1147 614 1189 645 de
1206 614 1374 651 Ferraria,
1388 614 1542 645 Marinus
1558 615 1769 646 Macaruffus
1786 615 1829 645 de
1847 615 1975 653 Padua‚
1990 616 2199 648 Octavianus

361 670 403 700 de
426 667 643 700 Macaruffis⁴
667 668 710 699 de
734 667 862 703 Padua‚
888 667 1043 697 dominus
1067 666 1260 708 Raynerius
1284 667 1327 698 de
1352 666 1464 708 Regio
1486 666 1592 708 judex
1617 672 1649 697 et
1673 668 1778 698 sotius
1803 667 1931 699 domini
1955 668 2147 706 Malateste‚
2164 674 2198 699 et

362 722 418 753 alii
443 721 515 753 eius
532 720 727 757 familiares,
745 725 778 750 et
795 718 981 750 familiares
998 718 1129 750 domini
1152 719 1305 750 Hostaxii
1336 725 1368 750 et
1385 719 1512 750 domini
1529 719 1751 757 Marchionis,
1776 719 1908 751 scilicet
1924 720 2109 762 Jacobinus
2126 721 2199 752 eius

360 774 532 811 siscalcus‚
564 773 752 804 Chichinus
777 773 819 804 de
851 772 1008 813 Superbo
1021 771 1044 810 ⁵,
1075 772 1259 803 Niccolaus
1283 773 1326 804 de
1356 773 1490 809 Fracta,
1519 782 1572 803 ser
1604 773 1680 814 Ugo
1709 774 1752 805 de
1785 773 1941 811 euriaco,
1965 774 2123 806 Andreas
2155 775 2198 807 de

359 828 538 865 Vfflafora,
562 827 736 868 Johannes
768 831 801 856 et
833 824 1022 856 Nicolaus⁶
1047 825 1171 856 fratres
1204 836 1222 855 a
1251 825 1395 856 Tabula.
1444 826 1608 857 Dominus
1634 826 1838 858 Franciscus
1870 828 2012 858 estensis
2035 828 2197 866 marchio,

362 891 469 922 nepos
497 880 580 911 dicti
611 879 739 910 domini
771 878 992 915 Marchionis,
1026 878 1082 920 qui
1113 878 1221 909 noluit
1253 879 1296 910 de
1322 889 1442 920 campo
1474 880 1649 916 recedere,
1675 879 1778 911 immo
1810 879 2003 911 substinere
2034 880 2198 912 honorem

359 933 487 966 domini
511 931 721 964 Marchionis
745 931 853 962 voluit
877 930 1055 967 continue;
1081 936 1132 961 set
1156 930 1203 961 ibi
1235 930 1384 962 adcessit
1413 931 1627 962 Guilichinus
1650 942 1759 972 nepos
1786 931 2001 974 Ranynberg
2024 942 2100 963 cum
2125 933 2198 964 aliis

359 985 574 1022 theotonicis,
600 984 657 1026 qui
683 984 826 1014 viriliter
841 983 1130 1025 impugnaverunt
1153 982 1325 1019 inimicos;
1352 988 1563 1024 quapropter
1578 983 1743 1014 liberatus
1767 983 1834 1014 fuit
1850 985 1893 1015 de
1910 983 2064 1015 manibus
2087 984 2198 1016 inimi-

357 1049 475 1070 corum
507 1038 662 1069 dominus
694 1036 898 1067 Franciscus
929 1035 1080 1066 marchio
1113 1035 1298 1076 predictus,
1330 1042 1363 1067 et
1394 1036 1643 1067 condusserunt
1675 1047 1751 1067 eum
1777 1043 1924 1068 castrum
1947 1036 2116 1075 Monticli,
2140 1038 2199 1069 ubi

358 1092 488 1123 invenit
510 1097 667 1131 patruum
691 1100 788 1120 suum
813 1088 987 1119 dominum
1012 1088 1250 1119 Marchionem
1275 1094 1309 1119 et
1332 1088 1395 1119 ivit
1420 1098 1496 1119 cum
1521 1098 1563 1120 eo
1587 1088 1763 1120 civitatem
1786 1089 1910 1120 Parme
1935 1096 1999 1121 etc.

449 1145 581 1176 Eodem
605 1142 796 1174 millesimo.
828 1141 997 1172 Dominus
1020 1141 1160 1172 Tadeus
1185 1142 1226 1172 de
1250 1141 1388 1182 Pepulis
1419 1142 1462 1172 de
1486 1141 1650 1179 Bononia,
1675 1142 1788 1174 sciens
1817 1143 1859 1174 de
1885 1143 2045 1174 conflictu
2069 1143 2199 1175 domini

359 1196 571 1229 Marchionis
596 1194 643 1227 et'
668 1195 819 1237 gentium
843 1204 989 1232 suarum,
1014 1193 1238 1225 incontinenti
1262 1192 1389 1224 direxit
1418 1194 1556 1225 domino
1579 1193 1728 1226 Mastino
1758 1194 1801 1225 de
1824 1195 1856 1225 la
1880 1194 1983 1226 Scala
2005 1195 2199 1237 Johannem

359 1250 431 1282 eius
455 1249 559 1280 filium
584 1248 627 1279 ad
650 1248 897 1289 parlamentum
922 1245 966 1277 ad
989 1251 1114 1277 terram
1131 1245 1315 1288 Lignaghi,
1334 1246 1367 1277 in
1391 1256 1459 1289 quo
1476 1247 1553 1277 loco
1577 1247 1733 1278 dominus
1756 1247 1924 1278 Mastinus
1949 1247 2082 1286 iuravit,
2107 1249 2199 1289 quod

358 1303 450 1335 omni
475 1312 535 1333 suo
560 1311 659 1342 posse
675 1299 863 1331 vindictam
881 1299 1112 1330 adsummeret
1129 1299 1172 1330 de
1190 1298 1350 1330 conflictu
1369 1299 1496 1330 domini
1521 1299 1731 1330 Marchionis
1748 1305 1783 1331 et
1807 1310 1953 1337 suorum,
1971 1300 2084 1331 taliter
2107 1301 2199 1343 quod

357 1356 513 1389 dominus
537 1353 693 1385 Marchio
712 1358 798 1384 esset
823 1357 1018 1388 contentus;
1037 1351 1134 1382 etsie
1159 1351 1292 1382 curavit
1315 1353 1444 1388 facere,
1463 1358 1496 1383 et
1519 1352 1673 1383 similiter
1696 1352 1818 1384 obtulit
1833 1353 2008 1394 Johannes
2033 1364 2075 1384 ex
2099 1359 2197 1395 parte

359 1408 488 1441 domini
514 1407 636 1444 Tadei,
654 1406 711 1447 qui
736 1405 896 1437 auxilium
914 1405 1083 1436 dederunt
1107 1405 1246 1436 domino
1270 1404 1465 1436 Marchioni
1483 1406 1525 1437 de
1550 1415 1666 1437 eorum
1690 1406 1924 1446 stipendiariis
1947 1406 2107 1438 continue
2131 1413 2198 1438 etc.

446 1461 578 1492 Eodem
602 1458 791 1489 millesimo.
816 1458 981 1488 Dominus
1004 1457 1158 1488 marchio
1182 1456 1294 1498 Obico
1319 1464 1384 1488 etc.
1409 1457 1534 1489 direxit
1556 1458 1719 1488 nuncium
1735 1468 1830 1489 suum
1856 1459 2042 1490 Francisco
2067 1459 2109 1489 de
2134 1459 2198 1490 Or-

358 1514 498 1552 delaffis,
523 1512 615 1555 quod
639 1510 868 1542 incontinenti
893 1516 1071 1553 treuguam
1095 1515 1228 1551 peteret
1252 1521 1328 1541 cum
1355 1510 1498 1541 inimicis
1522 1511 1599 1548 suis,
1626 1516 1659 1542 et
1682 1510 1748 1542 sibi
1773 1511 1846 1542 dari
1871 1511 2043 1548 auxilium,
2069 1513 2125 1553 qui
2150 1512 2198 1544 sic

358 1568 443 1599 fecit
468 1564 674 1601 immediate,
701 1569 734 1595 et
758 1569 877 1605 gentes
901 1573 978 1594 suas
1003 1562 1130 1594 direxit
1154 1563 1190 1593 in
1215 1562 1342 1594 auxilio
1367 1563 1498 1594 domini
1521 1563 1736 1594 Marchionis
1760 1569 1825 1595 etc.

447 1619 579 1650 Eodem
603 1616 791 1654 millesimo,
810 1616 866 1648 die
886 1616 1004 1647 martis
1028 1625 1090 1646 xxr
1114 1615 1239 1646 mensis
1262 1615 1466 1647 decembris.
1494 1616 1656 1647 Dominus
1679 1616 1831 1648 marchio
1855 1617 1965 1659 Obieo
1989 1617 2131 1649 recessit
2154 1618 2197 1649 de

356 1674 495 1705 civitate
519 1671 642 1702 Parme
667 1680 743 1700 cum
769 1669 906 1700 domino
930 1668 1124 1707 Malatesta,
1148 1669 1286 1699 domino
1311 1668 1476 1700 Hostaxio
1500 1674 1534 1700 et
1558 1669 1632 1700 aliis
1655 1669 1732 1707 suis,
1758 1679 1859 1701 causa
1882 1670 1983 1702 eundi
2013 1670 2197 1708 Mutinam3

357 1726 500 1768 primum
525 1723 589 1755 fuit
612 1722 793 1764 hospitium
819 1728 965 1753 castrum
983 1721 1070 1753 Pioli
1084 1721 1111 1758 ⁷3
1136 1722 1325 1753 secundum
1342 1722 1386 1752 ad
1402 1721 1542 1753 Baciam
1559 1722 1587 1752 F
1589 1721 1808 1759 rassinoris⁸;
1834 1723 1970 1754 tertium
1993 1723 2126 1755 scilicet
2142 1724 2198 1755 die

357 1778 491 1810 veneris
514 1776 630 1819 vigilia
653 1774 838 1806 nativitatis
861 1774 998 1806 Domini
1023 1774 1140 1806 Nostri
1164 1775 1247 1816 Jesu
1264 1774 1391 1806 Christi
1409 1774 1551 1816 aplicuit
1568 1773 1818 1806 Monfustinum
1832 1774 1843 1790 ⁹
1867 1775 2038 1807 districtus
2055 1775 2198 1814 Mutine,

446 1929 467 1945 1.
488 1922 550 1951 dopo
570 1920 769 1951 volumptatem
790 1920 818 1942 in
838 1919 860 1942 A
880 1919 915 1943 ad
933 1919 1078 1943 civitatem
1097 1925 1175 1942 suam
1195 1918 1293 1941 Parme
1311 1918 1450 1941 cancellato
1469 1926 1514 1942 con
1534 1926 1570 1941 un
1589 1919 1647 1950 rigo
1666 1932 1699 1936 —
1718 1917 1773 1949 6-7.
1793 1919 1965 1943 Octavianus
1989 1919 2023 1943 de
2042 1918 2196 1943 Maccaruf-

356 1963 387 1987 fis
407 1963 440 1987 de
460 1962 555 1986 Padua
568 1970 616 1986 om.
636 1961 749 1986 BMUR.
770 1973 802 1977 —-
823 1968 847 1990 ι).
867 1968 910 1984 ser
928 1961 971 1987 Α,·
991 1960 1037 1983 sed
1056 1959 1169 1984 BMUR.
1188 1973 1220 1977 —-
1243 1966 1283 1990 13.
1302 1960 1461 1992 impugnav.
1480 1960 1524 1986 Α,·
1544 1960 1721 1992 impugnavit
1740 1960 1851 1985 BMUR.
1872 1974 1903 1977 -
1925 1967 1965 1990 25.
1985 1961 2088 1985 Eodem
2108 1961 2195 1984 mille-

355 2006 425 2029 simo
444 2012 493 2029 om.
513 2003 590 2028 Mun.
611 2017 642 2021 —
664 2008 705 2034 27.
726 2003 876 2026 Abbatiam
896 2002 974 2027 th.
993 2015 1025 2019 —
1045 2001 1087 2026 28.
1107 2001 1311 2025 Monfestinum
1330 2008 1396 2025 corr.
1416 2001 1493 2026 Mun.

449 2091 456 2107 ¹
476 2093 525 2118 Sui
544 2092 674 2124 Fogliani
693 2091 732 2116 cf.
751 2092 853 2119 erTA,
873 2095 910 2122 op.
927 2092 968 2114 cit.
986 2089 1140 2121 (Faglx'ani).
1160 2090 1254 2114 Lodo-

360 2137 421 2160 vico
454 2133 526 2158 morl
552 2134 623 2158 nelle
642 2134 747 2158 carceri
772 2141 789 2158 a
808 2134 945 2157 Mantova
969 2134 1076 2157 mentre
1098 2131 1216 2156 Giberto
1241 2139 1255 2155 e

360 2177 505 2201 Bertolino
526 2183 646 2200 venneto
666 2175 695 2199 di
715 2175 763 2207 poi
782 2174 921 2199 restituiti
942 2175 972 2198 in
991 2171 1104 2199 liberta:
1126 2173 1254 2196 TIRABO-

359 2225 434 2248 scm,
454 2218 532 2241 Mem.
553 2220 613 2241 stor.
632 2217 715 2244 Mod„
735 2216 782 2240 III.

446 2260 457 2276 ²
476 2260 608 2285 Sassuolo
622 2261 657 2284 da
670 2260 802 2284 Sassuolo
815 2259 890 2291 figlio
910 2260 938 2284 di
960 2260 1063 2284 Obizzo
1078 2266 1092 2282 e
1106 2258 1135 2282 di
1150 2258 1254 2282 Giliola

359 2304 433 2336 figlia
453 2303 480 2326 di
500 2302 613 2326 Niccolo
633 2301 676 2325 del
696 2301 740 2332 qd.
760 2301 882 2325 Mastino
906 2301 976 2325 della
996 2300 1084 2324 Scala.
1122 2299 1198 2323 Ebbe
1224 2301 1253 2322 in

360 2345 463 2376 moglie
482 2344 633 2368 Giovanna
653 2343 693 2367 de'
714 2342 884 2366 Gruamonti
903 2343 932 2367 di
952 2343 1078 2366 Ferrara.
1102 2340 1145 2365 Cf.
1165 2341 1254 2365 Tuu-

360 2392 469 2415 noscm,
488 2385 642 2408 Dizionam‘o
664 2384 768 2415 Topog„
783 2384 816 2413 ΙΙ,
837 2391 883 2416 pp.
901 2389 1025 2415 323-324.
1061 2381 1215 2414 Ricompro
1228 2382 1252 2405 la

359 2425 456 2451 uberta
475 2426 550 2458 dopo
565 2433 601 2450 un
623 2432 697 2449 anno
713 2425 853 2450 mediante
873 2426 902 2450 lo
916 2425 1012 2449 sborso
1033 2424 1060 2447 di
1079 2430 1147 2455 3000
1160 2423 1253 2447 fiorini

360 2469 455 2498 d'or03
476 2469 665 2496 TmABosem,
684 2467 762 2491 Mem.
783 2467 850 2491 Stor.
871 2467 956 2494 Mon„
973 2466 1022 2495 ΙΙΙ,
1042 2473 1069 2498 p.
1090 2472 1130 2489 11.

447 2510 457 2526 ²³
476 2510 510 2534 G.
529 2509 564 2533 da
585 2509 709 2532 Bazzano
730 2508 822 2540 (Cron.
841 2508 911 2532 Mod.
931 2509 989 2537 cit„
1008 2515 1035 2539 p.
1063 2506 1126 2539 244)
1151 2506 1186 2531 ha
1211 2507 1253 2530 in-

361 2559 422 2576 vece
443 2551 633 2574 Bastardncz'us
645 2550 725 2580 filius
745 2550 827 2573 Sarae
845 2551 876 2573 de
899 2549 1077 2572 Costabilibus.

446 2594 457 2609 4
477 2592 500 2615 11
522 2592 553 2616 28
572 2592 659 2622 luglio
684 2591 749 2623 1348
771 2589 961 2619 Thavianusf.
981 2597 1006 2620 q.
1026 2591 1081 2613 nob.
1098 2590 1141 2612 vir
1159 2590 1252 2612 Barta-

360 2634 436 2657 lomei
453 2634 500 2664 qui
517 2633 651 2655 dicebatur
670 2633 694 2655 d.
713 2632 881 2664 Macaruffus
899 2633 929 2655 de
947 2632 1101 2661 Macaruffis
1118 2631 1182 2653 civis
1202 2631 1252 2653 Pa-

360 2676 420 2702 due,
439 2674 618 2698 connestabilis
636 2675 667 2696 ab
686 2681 749 2704 equo
772 2681 819 2705 per
839 2674 942 2699 Obizzo
968 2673 1069 2696 d'Este
1088 2672 1144 2696 fece
1168 2674 1253 2696 testa-

361 2718 456 2740 mento
476 2716 505 2739 in
525 2715 654 2739 Modena.
691 2716 765 2739 Ebbe
784 2715 812 2739 in
832 2715 935 2747 moglie
954 2717 1029 2738 certa
1050 2715 1131 2738 Lasia
1151 2713 1195 2737 del
1221 2713 1252 2737 fu

362 2759 513 2781 Francesco
532 2755 662 2781 Menabb.
681 2757 759 2780 stlem.
778 2757 883 2784 Notar..
903 2763 945 2779 an.
969 2755 1045 2787 1348,
1064 2755 1099 2785 ΙΙ,
1120 2761 1160 2787 24.
1184 2775 1187 2779 ,

447 2797 458 2813 ⁵
476 2798 601 2822 Massaro
626 2799 755 2829 generale
774 2799 818 2822 del
844 2805 960 2822 comune
980 2798 1009 2821 (11
1035 2797 1155 2821 Modena
1178 2798 1252 2828 negli

360 2841 429 2864 anni
453 2839 601 2872 1362-1364
621 2839 668 2871 (ct.
688 2839 766 2863 Mem.
786 2840 892 2867 Notar„
910 2847 956 2863 an.
979 2839 1053 2869 1362,
1076 2838 1097 2868 Ι,
1116 2843 1182 2870 9273
1202 2839 1252 2861 Re-

358 2884 473 2912 gistrum
498 2881 566 2904 liter.
587 2884 612 2904 et
635 2882 740 2908 decret..
763 2881 920 2912 1362-1380,
946 2888 991 2912 pp.
1016 2887 1039 2909 2,
1062 2880 1092 2904 16
1117 2880 1146 2903 in
1171 2880 1251 2903 Arclz.

361 2922 427 2946 dello
447 2923 520 2945 Stato
538 2921 663 2953 Estense).
700 2923 842 2953 capitano
855 2929 922 2954 pure
941 2921 969 2945 in
985 2922 1105 2945 Modena
1125 2921 1170 2945 nel
1188 2921 1252 2951 1368

363 2964 410 2995 (cf.
428 2964 505 2987 Mem.
527 2964 632 2990 Notar..
651 2970 697 2988 an.
720 2962 793 2995 1368,
812 2963 834 2993 Ι,
854 2963 908 2994 36).

1396 2088 1406 2104 ⁶
1425 2089 1546 2115 Podesta
1564 2090 1593 2113 di
1615 2090 1734 2114 Modena
1752 2098 1801 2122 per
1820 2090 1860 2122 gii
1881 2091 1989 2114 Estensi
2009 2091 2053 2114 nel
2079 2090 2199 2115 secondo

1309 2133 1437 2156 semestre
1466 2132 1530 2163 1336
1556 2140 1570 2155 e
1590 2132 1635 2156 nel
1661 2132 1750 2164 primo
1777 2132 1819 2156 del
1848 2137 1912 2163 1337
1939 2132 1987 2163 (cf.
2017 2132 2112 2156 Clu-on.
2130 2131 2199 2159 Est..

1308 2181 1335 2204 p.
1357 2179 1405 2204 107
1425 2181 1439 2196 c
1463 2173 1541 2197 Cron.
1559 2172 1627 2197 Mod.
1654 2174 1711 2203 cit.⁷
1731 2181 1775 2205 pp.
1803 2172 1945 2205 ἠδ-239),
1972 2173 2001 2197 di
2021 2174 2134 2197 Firenze
2154 2174 2197 2196 nel

1308 2215 1400 2246 primo
1419 2216 1550 2239 semestre
1572 2222 1637 2246 ¹339
1657 2216 1845 2245 (Amanum-0,
1866 2215 1933 2239 Stor.
1947 2216 2024 2246 fior..
2042 2215 2063 2244 Ι,
2083 2214 2159 2246 428);
2184 2222 2198 2238 e

1308 2256 1338 2279 di
1357 2256 1442 2280 Stena
1456 2256 1500 2279 nel
1515 2256 1636 2280 secondo
1649 2257 1780 2280 semestre
1795 2256 1869 2279 dello
1889 2257 1978 2280 stesso
1991 2263 2065 2280 anno
2079 2255 2199 2286 (Falzzn

1308 2297 1376 2321 Stor.
1397 2298 1427 2320 di
1443 2298 1530 2325 Ferr„
1550 2297 1596 2327 ΙΙΙ,
1618 2297 1687 2329 294).

1396 2337 1406 2353 7
1426 2339 1504 2362 Ρῑο1ο
1524 2339 1637 2362 castello
1649 2339 1718 2363 delle
1734 2341 1887 2371 montagne
1900 2340 2039 2371 reggiane,
2053 2346 2107 2363 una
2123 2339 2198 2363 volta

1308 2381 1378 2406 nella
1396 2382 1475 2412 pieve
1494 2381 1525 2404 di
1543 2381 1678 2404 Menozzo
1697 2379 1746 2412 gia
1765 2382 1916 2413 posseduto
1936 2382 1966 2404 in
1984 2388 2103 2404 comune
2128 2380 2198 2404 dane

1307 2422 1433 2454 famiglie
1452 2423 1488 2446 da
1500 2422 1586 2446 Dallo
1604 2429 1618 2446 e
1638 2422 1672 2446 da
1692 2422 1869 2446 Vallisniera.
1885 2421 1931 2447 Cf.
1945 2422 2134 2451 TmAsoseiu,
2148 2422 2197 2445 Di-

1307 2465 1420 2487 u'onarz’o
1438 2471 1499 2491 ecc„
1518 2463 1550 2493 ΙΙ,
1573 2463 1630 2494 198.

1395 2504 1406 2519 ⁸
1426 2506 1590 2529 Frassinoro
1609 2505 1678 2529 nelle
1699 2507 1849 2537 montagne
1874 2505 2018 2530 modenesi
2044 2506 2071 2529 in
2090 2504 2198 2529 confine

1307 2547 1349 2571 del
1368 2548 1513 2578 reggiano.
1551 2546 1664 2571 Celebre
1683 2554 1739 2571 una
1759 2547 1834 2570 voita
1852 2554 1900 2578 per
1919 2555 1955 2570 un
1977 2548 2135 2571 monastero
2154 2547 2197 2570 de’

1308 2590 1418 2613 monaci
1437 2588 1465 2612 di
1485 2595 1535 2613 san
1564 2589 1714 2612 Benedetto
1740 2587 1859 2612 fundato
1885 2588 1955 2612 dalla
1979 2589 2104 2612 contessa
2129 2589 2197 2612 Bea-

1307 2631 1376 2654 trice
1394 2630 1488 2654 madre
1509 2630 1579 2655 della
1597 2631 1727 2654 contessa
1746 2630 1870 2654 Matilde.

1395 2670 1406 2686 ⁹
1425 2671 1599 2696 Montestino
1618 2679 1634 2695 a
1655 2670 1687 2702 36
1701 2671 1746 2695 kil.
1760 2671 1792 2695 da
1807 2671 1934 2700 Modena,
1950 2671 2075 2695 frazione
2095 2671 2139 2695 del
2153 2679 2198 2695 co-

1308 2720 1389 2737 mune
1410 2712 1439 2735 di
1458 2712 1673 2737 Serramazzoni.
1710 2712 1785 2736 Nelle
1803 2714 1878 2736 carte
1897 2711 1945 2743 piu
1965 2713 2078 2736 antiche
2091 2710 2104 2736 ὲ
2123 2713 2197 2736 chia-

1308 2755 1381 2778 mato
1401 2754 1476 2777 Mons
1496 2754 1636 2780 Faustz'm':
1655 2761 1703 2778 era
1722 2761 1778 2778 uno
1792 2754 1838 2777 dei
1852 2754 1958 2777 castelli
1973 2753 2113 2786 posseduti
2128 2753 2197 2777 dalla

1307 2796 1399 2820 nobile
1411 2795 1536 2827 famiglia
1551 2796 1592 2819 de’
1607 2796 1719 2828 Signori
1733 2795 1762 2819 di
1777 2795 1949 2826 Savignano.
1970 2794 2057 2819 Passa>
2071 2795 2116 2819 nel
2131 2795 2196 2826 1408

1306 2838 1358 2861 alla
1377 2837 1505 2868 famiglia
1524 2835 1565 2860 de'
1585 2837 1717 2862 Contrari
1738 2844 1787 2869 per
1812 2837 1966 2861 donazione
1990 2837 2025 2860 ad
2045 2843 2105 2860 essa
2124 2836 2197 2860 satta

1306 2879 1349 2902 dal
1367 2879 1508 2902 marchese
1526 2878 1641 2902 Niccolo
1661 2878 1697 2901 ΙΙΙ
1718 2878 1832 2910 d'Este3
1852 2879 1953 2910 quindi
1975 2878 2093 2901 divenne
2114 2877 2196 2902 feudo

1307 2920 1376 2944 della
1396 2919 1519 2952 famiglia
1539 2920 1778 2951 Buoncompagni.

2245 564 2261 595 Ul

2225 829 2262 859 10

2225 1090 2262 1121 15

2222 1355 2263 1385 20

2221 1617 2261 1649 25

2227 2265 2260 2290 30

2225 2471 2257 2496 35

2225 2682 2259 2708 40

2224 2886 2255 2913 45
