2360 3603
730 221 1047 257 CHRONICON
1076 219 1241 256 ESTEN
1245 220 1304 255 SE

106 224 156 260 [A.
176 228 269 261 1348]

105 352 208 394 polim
232 353 358 384 cassari
382 353 467 385 fecit
491 363 608 384 omnes
631 353 870 394 stipendiarios
893 363 971 384 suos
994 352 1244 388 Theotonicos;
1269 362 1336 394 qua
1359 357 1500 394 propter
1524 353 1593 384 dux
1611 351 1822 384 Guarnerius
1839 360 1921 382 con-

101 405 260 447 gregavit
283 415 410 443 omnes,
433 406 491 448 qui
515 415 656 437 numero
680 406 819 436 fuerunt
842 405 934 437 circa
958 410 1036 443 nrm,
1061 411 1095 436 et
1119 405 1233 436 taliter
1250 411 1366 436 erecta
1391 411 1440 436 est
1457 405 1605 436 Sotietas
1620 404 1678 435 illa
1696 404 1794 436 ducis
1811 403 1920 435 Guar-

102 457 198 495 nerii,
222 464 256 489 et
278 464 495 489 recesserunt
519 459 563 490 de
587 458 745 490 districtu
769 458 962 499 Neapolim,
987 463 1021 489 et
1044 457 1187 500 ingressi
1211 464 1289 489 sunt
1319 458 1476 494 Romam,
1508 457 1563 489 vel
1597 458 1632 488 in
1662 456 1815 498 partibus
1843 455 1922 487 Ma-

104 520 208 546 reme,
239 516 272 542 et
302 521 365 552 per
395 511 462 542 vim
492 516 702 552 acceperunt
732 516 845 541 castra
876 517 910 541 et
935 511 1194 542 comburserunt
1225 509 1333 548 villas,
1364 516 1397 541 et
1427 510 1561 541 iverunt
1591 519 1699 552 usque
1732 509 1883 552 Lagnam
1898 509 1919 546 ¹,

63 562 79 592 5
104 562 260 594 volentes
282 563 411 594 intrare
436 563 619 595 civitatem.
664 563 763 594 Tune
787 562 879 594 cives
903 563 1102 594 direxerunt
1124 562 1376 594 ambaxiatores
1400 563 1493 594 dicto
1517 563 1607 601 duci,
1624 568 1780 604 potentes
1804 562 1846 593 ab
1869 571 1922 599 eo,

103 621 140 647 ut
163 616 206 647 de
230 616 400 648 nobilibus
424 617 493 648 suis
516 615 682 658 dirigeret
705 615 893 651 civitatem,
916 622 952 647 ut
977 615 1196 647 concordiam
1215 621 1402 647 tractarent
1424 625 1501 646 cum
1518 615 1574 646 eis.
1623 614 1692 651 Qui
1709 615 1779 646 dux
1795 614 1922 646 direxit

103 668 236 700 civibus
259 669 444 701 duodecim
468 679 511 701 ex
533 668 800 710 sapientioribus
823 669 891 699 suis
915 668 1005 700 bona
1030 669 1109 700 fide:
1136 674 1169 700 et
1193 678 1269 699 eum
1294 668 1470 699 civitatem
1492 668 1716 706 intraverunt,
1746 667 1920 699 interfecti

103 727 180 752 sunt
205 731 320 753 omnes
343 733 363 753 a
387 721 518 753 civibus
531 733 539 758 3
564 727 774 763 quapropter
797 721 875 752 Dux
899 732 976 753 cum
1001 721 1076 752 aliis
1099 721 1167 752 suis
1184 727 1467 762 expugnaverunt
1485 721 1654 752 civitatem
1671 720 1871 762 predictam,
1887 726 1921 751 et

102 774 322 806 obtinuerunt
345 785 419 806 eam
441 784 503 816 per
518 774 598 811 vim,
615 774 648 805 in
664 784 730 815 qua
747 774 948 806 occiderunt
965 785 1081 805 omnes
1098 774 1190 805 cives
1206 773 1384 812 masculos,
1401 773 1558 811 feminas,
1575 774 1746 815 parvulos,
1760 779 1793 804 et
1810 773 1922 804 omnia

101 827 190 858 mala
212 827 246 858 in
270 827 423 868 partibus
447 827 513 858 illis
536 837 596 858 suo
620 836 719 868 posse
743 827 918 858 consecuti
942 833 1029 858 sunt.

190 880 320 911 Eodem
345 880 533 917 millesimo,
557 880 614 911 die
636 880 746 921 primo
769 879 893 911 mensis
917 879 1042 911 martii.
1087 879 1252 910 Dominus
1268 878 1473 910 Franciscus
1489 880 1532 910 de
1549 879 1721 911 Ordilaffis
1735 878 1746 895 ²
1763 879 1920 910 dominus

102 932 243 964 Forlivii
267 938 299 965 et
323 933 571 974 Furlimpopuli
594 938 629 965 et
652 932 803 972 Cexene,
827 933 889 964 ivit
914 943 990 964 cum
1014 932 1154 964 domino
1178 942 1259 975 rege
1284 932 1435 974 Ungarie
1459 943 1565 974 usque
1590 932 1784 973 Neapolim,
1810 938 1922 964 tamen

103 993 171 1016 non
195 985 283 1017 bene
306 996 342 1018 se
365 986 515 1017 habebat
540 996 615 1017 cum
632 985 771 1017 domino
788 985 961 1028 Abstorgo
978 986 1102 1017 comite
1116 985 1126 1001 ³
1144 985 1385 1023 Romandiole,
1402 986 1459 1026 qui
1476 995 1590 1016 comes
1606 986 1754 1026 quadam
1770 985 1824 1016 die
1842 995 1917 1015 cum

100 1038 249 1069 maxima
273 1039 463 1081 quantitate
487 1039 630 1070 militum
655 1043 689 1070 et
712 1038 863 1080 peditum
888 1039 1127 1081 equitaverunt
1151 1049 1255 1080 usque
1279 1043 1394 1079 portas
1418 1037 1572 1074 Furlivii,
1597 1044 1630 1069 et
1660 1037 1920 1069 comburserunt

102 1090 221 1122 domos
245 1097 278 1122 et
301 1092 579 1132 depredaverunt
603 1101 731 1128 omnes,
763 1101 848 1132 quos
878 1091 1100 1127 invenerunt:
1132 1096 1166 1122 et
1197 1091 1262 1122 hoc
1296 1091 1392 1128 fecit,
1423 1090 1502 1131 quia
1532 1090 1688 1121 dominus
1719 1090 1922 1122 Franciscus

101 1143 295 1175 antedictus
320 1144 458 1176 nolebat
484 1143 626 1175 solvere'
657 1153 796 1175 censum
828 1149 862 1174 et
891 1143 1052 1175 tributum
1085 1142 1277 1175 ordinatum
1310 1142 1468 1174 Ecclesie
1500 1152 1648 1174 romane.
1695 1142 1774 1173 Filii
1809 1148 1920 1173 autem

101 1197 227 1238 prefati
251 1196 380 1228 domini
405 1197 582 1229 Francisci
608 1207 685 1228 cum
708 1197 867 1239 gentibus
891 1197 958 1228 suis
980 1197 1218 1239 equitaverunt
1242 1207 1344 1237 super
1367 1196 1556 1227 districtum
1580 1196 1607 1227 F
1610 1196 1753 1232 avenfie,
1776 1195 1834 1227 ubi
1851 1206 1922 1226 ma-

99 1250 214 1280 ximun
238 1250 390 1291 dapnum
415 1251 594 1287 fecerunt;
620 1250 746 1282 deinde
770 1250 988 1281 firmaverunt
1010 1256 1186 1292 treuguam
1211 1249 1298 1280 inter
1323 1259 1391 1280 eos.
1437 1249 1577 1280 Interim
1601 1248 1662 1279 filii
1687 1248 1769 1280 dicti
1794 1248 1920 1280 domini

100 1302 276 1333 Francisci
300 1303 563 1335 notificaverunt
586 1304 673 1344 patri
698 1313 770 1341 suo,
794 1302 851 1344 qui
875 1302 1074 1334 immediate
1097 1302 1248 1333 narravit
1271 1302 1385 1333 omnia
1409 1302 1547 1333 domino
1578 1301 1662 1343 regi,
1694 1307 1726 1331 et
1756 1301 1856 1342 petiit
1877 1301 1920 1332 ab

100 1364 142 1386 eo
166 1354 341 1386 licentiam
364 1355 532 1387 redeundi
556 1356 600 1387 ad
623 1362 738 1397 partes
761 1366 847 1393 suas,
871 1361 905 1387 et
929 1356 1029 1387 etiam
1053 1355 1248 1396 imploravit
1271 1355 1446 1392 auxilium,
1470 1355 1525 1386 cui
1549 1354 1703 1386 dominus
1733 1364 1794 1385 rex
1826 1354 1918 1384 auxi-

100 1407 182 1439 lium
203 1418 272 1440 non
295 1408 402 1446 dedit,
427 1414 461 1440 et
483 1409 530 1440 ita
554 1409 679 1440 redivit
702 1408 738 1439 in
762 1408 916 1450 partibus
939 1409 1008 1440 suis
1030 1408 1186 1440 dominus
1210 1408 1424 1445 Franciscus‚
1450 1413 1484 1439 et
1513 1417 1634 1448 pacem
1664 1406 1809 1438 firmavit
1841 1417 1918 1438 cum

101 1459 276 1492 antedicto
299 1460 436 1493 Comite
461 1467 527 1493 etc.

187 1513 319 1545 Eodem
341 1514 534 1546 millesimo.
573 1514 699 1546 Relata
715 1515 854 1546 fuerunt
870 1524 959 1546 nova
974 1514 1009 1546 in
1026 1513 1180 1555 partibus
1204 1513 1423 1551 Lombardie‚
1448 1514 1540 1555 quod
1556 1512 1613 1544 die
1630 1511 1709 1544 X111⁰
1733 1513 1845 1544 martii
1869 1523 1922 1544 se-

100 1566 184 1608 pulti
207 1568 348 1598 fuerunt
369 1567 403 1597 in
429 1567 568 1599 civitate
592 1567 750 1598 Parixius
773 1573 914 1608 propter
937 1567 1116 1599 maximam
1140 1573 1271 1609 pestem
1288 1566 1500 1598 mortalitatis
1523 1575 1736 1598 mcccxxvm
1769 1565 1922 1598 homines

101 1620 173 1651 sine
197 1619 283 1657 aliis,
307 1620 350 1651 de
375 1620 497 1662 quibus
521 1630 588 1652 non
612 1620 715 1652 fiebat
738 1621 886 1652 mentio:
911 1626 1052 1662 propter
1075 1621 1168 1663 quod
1192 1630 1253 1651 rex
1277 1620 1415 1663 fugerat
1446 1618 1536 1657 inde,
1569 1625 1601 1651 et
1632 1619 1742 1650 iverat
1772 1625 1917 1651 castrum

101 1673 274 1714 quoddam
297 1678 395 1705 extra
419 1673 626 1712 districtum,
650 1673 816 1705 Parixius.
862 1674 998 1716 Regina
1021 1674 1127 1715 ipsius
1143 1684 1228 1705 uxor
1244 1683 1321 1705 cum
1338 1672 1439 1704 unico
1457 1672 1524 1704 filio
1541 1678 1574 1704 et
1592 1672 1723 1704 duobus
1740 1671 1920 1713 nepotibus

101 1726 261 1758 defuncti
285 1732 393 1763 erant,
417 1733 451 1758 et
474 1726 520 1757 ali
542 1726 638 1758 multi
662 1727 804 1764 nobiles,
828 1733 863 1759 et
884 1727 1040 1759 similiter
1063 1727 1097 1757 in
1120 1726 1274 1768 partibus
1305 1725 1613 1763 circumstantibus,
1646 1732 1679 1757 et
1708 1726 1743 1756 in
1774 1725 1919 1767 quadam

99 1779 248 1820 civitate,
272 1790 339 1822 que
362 1779 542 1812 dicebatur
565 1779 759 1811 Nobellexe
772 1780 794 1817 ⁴,
818 1780 852 1811 in
876 1791 943 1822 qua
966 1780 1168 1812 habitabant
1199 1780 1293 1811 circa
1316 1789 1371 1810 MM
1395 1779 1547 1810 homines
1571 1789 1753 1816 armorum,
1778 1789 1845 1810 non
1869 1789 1922 1809 re-

101 1838 272 1864 manserat
295 1833 359 1865 nisi
383 1842 436 1864 cc.
482 1832 562 1864 Alia
589 1832 713 1864 civitas
743 1833 905 1865 Avarexe
934 1833 1168 1865 inhabitabilis
1201 1834 1306 1864 effeta
1338 1838 1421 1870 erat,
1454 1831 1520 1863 alie
1551 1832 1727 1863 cuiusdam
1761 1831 1919 1863 civitates

37 1885 78 1916 30
100 1895 163 1926 pro
185 1886 306 1918 maiori
326 1892 422 1927 parte
446 1885 608 1917 subverse
631 1890 666 1917 et
689 1885 863 1918 submerse
888 1892 984 1918 erant
1001 1891 1035 1917 et
1052 1886 1086 1917 in
1103 1885 1257 1927 partibus
1273 1885 1338 1916 illis
1355 1891 1563 1926 aparuerunt
1578 1885 1709 1916 locuste
1728 1895 1792 1926 que
1816 1885 1922 1916 devo-

100 1944 264 1971 raverunt
287 1939 418 1977 bladas,
443 1944 476 1970 et
499 1938 641 1970 arbores
665 1944 699 1970 et
724 1939 790 1970 alia
813 1939 899 1971 mira
921 1940 1012 1971 satis.

188 1992 319 2023 Eodem
339 1992 527 2029 millesimo,
551 1992 607 2023 die
632 1991 727 2023 X1111⁰
752 1992 873 2024 martii.
912 1992 1089 2024 Dominus'
1107 1992 1304 2024 Ludovicus
1320 1992 1482 2033 princeps
1498 1991 1657 2022 Tarantri
1675 1990 1817 2032 aplicuit
1833 1989 1916 2022 civi-

101 2050 206 2076 tatem
230 2044 420 2081 Avinionis,
445 2045 500 2076 cui
523 2045 660 2077 obviam
682 2045 828 2087 ingressi
852 2051 931 2077 sunt
955 2055 1036 2077 xnn
1058 2045 1272 2083 Cardinales‚
1296 2044 1362 2076 alio
1391 2044 1446 2076 die
1472 2044 1615 2085 aplicuit
1645 2043 1771 2075 ibidem
1803 2043 1920 2085 regina

101 2097 260 2139 Johanna
283 2108 369 2129 uxor
393 2098 478 2130 dicti
502 2098 667 2139 principis
692 2103 726 2129 et
748 2098 850 2140 regis,
874 2098 928 2129 cui
954 2097 1089 2130 obviam
1115 2098 1244 2140 egressi
1267 2104 1343 2129 sunt
1367 2106 1457 2128 xvm
1481 2096 1692 2133 Cardinales‚
1724 2103 1758 2128 et
1788 2097 1920 2137 recepti

38 2149 78 2182 35
102 2151 243 2182 fuerunt
266 2151 300 2182 in
324 2151 451 2192 palatio
476 2151 605 2182 domini
629 2151 722 2192 Pape
747 2151 946 2182 honorifice.

189 2203 321 2235 Eodem
355 2203 546 2241 millesimo,
582 2204 638 2235 die
673 2203 791 2235 XVI111⁰
826 2204 951 2241 martii,
986 2204 1020 2235 in
1056 2204 1192 2235 civitate
1227 2203 1408 2234 Avinionis
1441 2203 1475 2233 in
1507 2202 1729 2239 Consistorio‚
1764 2202 1920 2234 dominus

101 2265 192 2297 papa
213 2255 373 2287 Clemens
396 2261 508 2287 sextus
532 2255 635 2298 elegit
657 2261 691 2287 et
714 2256 928 2288 confirmavit
952 2256 1150 2297 episcopum
1174 2256 1362 2287 adriensem
1387 2254 1536 2287 nobilem
1559 2260 1594 2286 et
1610 2255 1795 2286 discretum
1811 2254 1920 2285 virum

41 826 79 857 10

36 1355 77 1385 20

191 2418 215 2443 3.
229 2409 284 2443 vel]
299 2411 434 2435 videlicet
449 2411 526 2435 Mun.
546 2423 578 2428 —
600 2418 638 2435 12.
657 2413 685 2435 et
709 2411 919 2444 Furlimpopuli
940 2420 1031 2436 manca
1053 2412 1164 2436 BMUR.
1185 2425 1216 2429 -—
1240 2419 1275 2445 13.
1289 2411 1418 2443 habebat]
1433 2411 1573 2435 habebant
1587 2412 1699 2435 BMun.
1713 2424 1721 2428 -
1736 2411 1880 2442 quomdam
1896 2412 1919 2435 Α

104 2465 135 2470 -
158 2453 198 2478 18.
218 2453 286 2477 dicti
307 2462 354 2477 om.
373 2453 450 2478 Mus.
471 2467 503 2471 —
523 2460 564 2477 20.
584 2453 617 2477 ad
638 2462 730 2478 manca
750 2455 772 2477 A
785 2455 810 2478 Β
830 2467 861 2471 -
888 2461 928 2485 23.
949 2454 1052 2478 relatae
1072 2454 1148 2478 Mum.
1174 2467 1206 2471 —
1233 2460 1274 2485 24.
1293 2454 1418 2478 Parisius
1444 2454 1522 2478 MUR.
1542 2467 1550 2470 -
1571 2460 1760 2478 mcccxxvnu
1779 2453 1919 2484 homines]

104 2501 254 2519 cccxxvn1
272 2496 365 2519 millia
384 2496 532 2519 hominum
552 2495 629 2519 MUR.
656 2509 688 2512 —
709 2495 749 2519 26.
768 2496 895 2519 Parisius
914 2496 992 2520 MUR.
1012 2509 1043 2513 —
1070 2502 1110 2528 29.
1130 2496 1196 2519 Alia
1217 2495 1331 2527 civitas}
1350 2495 1381 2519 In
1408 2496 1464 2519 alia
1490 2496 1568 2519 civit.
1594 2496 1633 2523 A:
1654 2496 1721 2519 Item
1742 2496 1798 2520 alia
1818 2497 1919 2519 clvitas

103 2537 180 2561 Mun.
201 2550 209 2554 -
230 2537 388 2569 cuiusdam]
408 2538 542 2568 quaedam
563 2545 630 2561 corr.
651 2537 730 2562 MUR.
750 2551 781 2554 —
802 2544 842 2569 30.
862 2538 993 2561 subversa
1012 2538 1036 2562 Α
1058 2551 1065 2555 -
1086 2539 1113 2561 et
1133 2538 1273 2561 submersa
1293 2539 1336 2567 Α;
1355 2547 1447 2562 manca
1466 2538 1545 2562 Mna.
1566 2551 1574 2555 -
1593 2537 1684 2569 erant]
1703 2540 1762 2562 erat
1782 2539 1805 2561 A
1826 2552 1853 2555 —
1878 2546 1920 2570 33.

59 2585 72 2610 5
105 2578 239 2611 ingressi]
258 2580 361 2611 egressi
380 2587 449 2604 corr.
470 2580 546 2604 Mun.
567 2593 598 2596 —
619 2586 660 2611 34.
681 2580 813 2611 ingressi]
834 2581 937 2611 egressi
957 2588 1026 2603 corr.
1046 2580 1124 2603 MUR.
1143 2594 1175 2598 —
1196 2579 1238 2610 36.
1257 2579 1442 2604 Concistorio
1462 2588 1530 2604 corr.
1550 2580 1628 2604 MUR.

44 2864 76 2882 10

191 2687 198 2702 ¹
219 2689 344 2721 Anagni.

189 2730 199 2746 ²
218 2731 372 2755 Francesco
387 2732 466 2763 figlio
480 2731 508 2755 di
524 2731 614 2755 Cecco
629 2732 704 2763 degli
719 2731 861 2760 Ordelaffi,
877 2732 926 2755 che
937 2739 986 2762 per

101 2773 194 2804 primo
215 2771 399 2805 signoreggib
420 2773 506 2801 Forli,
526 2774 555 2797 fu
575 2782 611 2797 un
627 2775 740 2805 signore
754 2774 931 2803 turbulento,
945 2774 986 2797 fo—

102 2822 149 2838 sco
168 2822 182 2838 e
202 2815 303 2844 feroce,
323 2815 350 2839 la
370 2816 415 2839 cui
434 2816 493 2839 vita
508 2814 521 2839 ὲ
535 2822 572 2838 un
586 2817 694 2839 tessuto
708 2815 736 2839 di
751 2815 889 2847 battaglie
907 2815 985 2838 vinte

101 2864 114 2879 e
135 2856 260 2887 perdum,
279 2856 307 2880 di
329 2857 493 2880 tradimenti
513 2864 527 2880 e
547 2857 575 2880 di
599 2859 734 2888 congiure
761 2863 810 2880 ora
836 2857 925 2880 falliti
953 2857 985 2880 ed

101 2904 152 2921 ora
170 2898 293 2922 riusciti.
324 2898 399 2921 Ebbe
414 2900 442 2921 in
463 2899 567 2930 moglie
580 2899 608 2922 la
623 2899 729 2922 famosa
744 2899 796 2923 Cia
811 2899 886 2931 degli
901 2898 986 2922 Ubal-

101 2940 162 2963 dini
184 2940 233 2963 che
252 2941 441 2964 eroicamente
460 2940 548 2964 difese
569 2940 675 2964 Cesena
701 2943 801 2964 contro
828 2940 853 2964 le
879 2941 986 2964 milizie

101 2981 145 3004 del
165 2982 308 3005 cardinale
327 2982 481 3006 Albornoz.
519 2982 601 3006 Nella
621 2990 669 3006 sua
689 2985 767 3006 corte
794 2982 891 3005 l’anno
920 2982 986 3014 1346

232 3095 265 3119 T.
282 3095 342 3125 XV,
362 3104 387 3128 p.
406 3103 445 3121 111
464 3110 497 3114 —
518 3104 560 3121 11.

1037 2687 1134 2721 ospito
1150 2688 1296 2712 Giovanni
1309 2688 1462 2712 Boccaccio
1475 2688 1525 2711 che
1539 2688 1567 2711 lo
1583 2688 1639 2711 fece
1653 2688 1825 2711 intervenire
1838 2687 1920 2718 quale

1038 2732 1227 2763 personaggio
1248 2729 1374 2761 (Iaunus)
1395 2730 1469 2753 della
1488 2731 1561 2753 terza
1580 2730 1689 2761 egloga.
1727 2728 1770 2752 Cf.
1784 2729 1814 2753 E.
1833 2728 1918 2759 Lssvx,

1037 2773 1147 2796 Antonio
1167 2781 1180 2795 e
1201 2772 1310 2796 A‘iccolb
1330 2773 1361 2796 de
1380 2772 1501 2800 Beccari,
1522 2772 1579 2799 cit„
1600 2779 1625 2804 p.
1647 2771 1705 2794 226.

1125 2813 1135 2828 ³
1154 2814 1294 2846 Astorgio
1313 2815 1341 2837 di
1362 2814 1507 2841 Durefort,
1528 2815 1556 2837 in
1583 2814 1740 2841 Provenza,
1766 2814 1869 2837 marito
1889 2813 1917 2836 di

1039 2864 1093 2880 una
1114 2858 1213 2888 nipote
1232 2856 1276 2880 del
1296 2864 1368 2888 papa
1389 2856 1534 2880 Clemente
1553 2855 1600 2879 VI.

1125 2897 1134 2913 ⁴
1149 2898 1228 2921 Nelle
1239 2899 1326 2922 Storie
1339 2898 1468 2921 Pistoresi
1480 2897 1557 2929 (RR.
1571 2897 1605 2921 ll.
1618 2897 1676 2924 SS.,
1692 2897 1736 2927 XI,
1748 2905 1805 2928 par.
1818 2904 1844 2925 v,
1857 2896 1918 2928 236)

1039 2942 1067 2963 in
1088 2941 1175 2971 luogo
1195 2941 1223 2963 di
1237 2939 1249 2951 u
1262 2939 1417 2963 Nobellexe
1427 2957 1440 2970 n
1456 2947 1469 2963 e
1483 2940 1512 2963 di
1527 2938 1539 2951 “
1552 2939 1680 2963 Avarexe
1692 2958 1704 2970 n
1720 2939 1825 2971 leggesi
1840 2941 1852 2953 “
1862 2939 1919 2963 No-

1040 2982 1133 3005 “liens
1146 3000 1158 3012 n
1181 2990 1194 3005 e
1215 2981 1365 3005 “Anerens

2002 1157 2021 1171 c.
2038 1157 2093 1175 [ην

1979 1999 2055 2025 Μυκη
2070 2006 2109 2024 450

1950 2732 1979 2757 15

1947 2946 1979 2962 20
