2360 3603
0 836 92 878 >10

116 236 167 269 [A.
189 237 282 269 1346]

116 359 313 400 ponderatis
336 359 470 391 fassinis
494 366 528 391 et
550 360 617 391 alio
643 360 824 402 lignamine
849 367 881 392 et
905 367 1005 398 terra,
1030 371 1132 392 causa
1155 361 1320 402 implendi
1344 361 1463 392 foveas
1491 361 1623 393 bastilie
1655 361 1878 398 Venetorum,
1910 368 1943 392 et

116 422 192 443 curn
218 412 291 443 aliis
315 412 483 451 hedffifiis,
508 419 544 444 ut
568 413 766 455 frangerent
790 424 919 443 murum
945 420 977 444 et
1001 413 1200 455 diruparent
1232 414 1403 445 fortilitias
1427 414 1520 445 dicte
1553 414 1695 446 bastilie.
1742 414 1785 445 Et
1809 414 1858 445 sic
1884 414 1942 445 ad-

116 471 290 497 cesserunt
313 465 358 496 ad
383 466 508 496 dictam
532 465 714 504 bastssiam,
739 472 773 497 et
796 465 902 507 ipsam
920 473 1199 508 expugnaverunt
1216 477 1277 508 per
1301 467 1383 498 duas
1407 467 1522 502 horas;
1541 467 1761 509 similiterque
1786 467 1943 497 fecerunt

117 519 209 549 cives
233 518 372 555 Giadre‚
396 519 454 559 qui
478 518 634 550 exierunt
656 519 793 549 civitate
817 518 864 549 in'
889 519 1074 550 subsidium
1099 520 1206 561 regis3
1232 526 1265 550 et
1288 520 1468 562 fregerunt
1491 525 1623 560 partem
1646 520 1732 550 muri
1751 526 1784 551 et
1800 520 1939 551 aliarum

73 570 91 601 5
115 570 362 606 fortilitiarum;
388 578 503 602 tamen
526 572 709 602 existentes
732 571 766 601 in
790 571 922 602 bastilia
946 571 1178 603 substinebant
1202 573 1365 613 impetum
1389 583 1494 615 usque
1519 573 1562 603 ad
1586 579 1715 604 certum
1739 579 1872 613 tempus
1889 582 1942 603 or-

117 623 269 654 dinatum
293 623 383 654 inter
405 624 515 664 ipsos:
534 623 661 654 deinde
685 624 734 654 illi
758 624 802 655 de
819 623 952 655 bastilia
969 630 1003 655 et
1026 625 1084 655 alii
1108 625 1292 656 existentes
1314 635 1415 666 super
1432 625 1602 666 navigium
1628 625 1857 666 percutientes
1880 624 1943 655 ini-

114 676 230 712 micos,
253 676 396 708 viriliter
413 676 610 707 resisterunt
635 675 694 713 eis,
710 677 757 707 ita
781 677 874 718 quod
892 687 932 707 ex
955 682 1097 718 utraque
1113 684 1209 718 parte
1228 678 1322 708 multi
1346 677 1467 708 mortui
1483 677 1628 708 fuerunt.
1674 677 1806 708 Tamen
1823 682 1943 719 gentes

115 728 326 760 Venetorum
350 729 569 761 obtinuerunt
591 739 761 769 campum,
787 735 820 760 et
843 735 962 771 gentes
993 730 1099 773 Regis
1122 730 1239 772 fugam
1271 730 1502 771 adripuerunt‚
1527 730 1799 772 dimixeruntque
1832 730 1944 761 omnia

115 792 230 812 eorum
254 782 404 813 hedifitia
428 788 462 813 et
485 781 648 813 victualia
670 781 705 812 in
731 792 869 823 campo;
896 788 929 813 et
951 782 1047 813 multi
1071 783 1195 813 mortui
1220 789 1254 814 et
1269 783 1361 824 capti
1384 784 1533 821 fuerunt,
1550 790 1583 814 et
1608 782 1769 814 conburri
1784 783 1943 813 fecerunt

115 840 266 866 mortuos
289 841 321 866 et
344 834 506 867 hedifitia.
553 835 631 866 Rex
655 845 732 866 cum
755 835 828 866 aliis
850 835 1026 866 redierunt
1049 836 1191 876 patriam
1215 846 1307 866 suam
1331 841 1396 866 etc.

201 887 334 919 Eodem
358 887 546 925 millesimo,
564 887 620 918 die
637 897 664 918 11
687 887 782 929 junii.
800 887 902 919 Circa
919 894 1054 918 centum
1072 894 1246 929 equestres
1263 889 1305 920 de
1329 888 1396 919 illis
1412 888 1539 920 domini
1555 888 1767 931 Phylyppini
1783 888 1826 920 de
1845 888 1938 920 Gon-

115 950 201 983 eaga
217 950 294 972 cum
310 941 384 972 aliis
399 940 613 982 pedestribus
628 946 896 984 segregaverunt
912 947 1023 972 castro
1047 940 1253 978 Mirandu1e‚
1271 942 1558 982 adcesseruntque
1575 948 1714 982 pontem
1739 941 1842 973 Cexis
1857 941 1863 956 ¹
1888 942 1938 972 di-

115 993 250 1024 strictus
274 993 419 1030 Mutine,
443 993 557 1035 ibique
579 993 850 1024 hedificaverunt
866 994 1048 1036 quemdam
1063 999 1213 1034 pontem,
1230 1000 1266 1024 ut
1283 994 1462 1025 transirent
1486 995 1604 1025 canale
1629 995 1672 1025 ad
1696 994 1940 1026 derobandum.

114 1046 215 1077 Tunc
231 1046 367 1087 quidem
379 1045 391 1062 ²
406 1046 550 1077 nuncius
567 1046 733 1088 equestris
750 1047 793 1077 de
810 1045 944 1078 Mutina
959 1046 1025 1077 hoc
1043 1046 1172 1084 videns,
1191 1046 1385 1078 immediate
1402 1046 1573 1078 nunciavit
1591 1047 1727 1078 domino
1752 1046 1943 1078 Alemanno

55 1099 91 1130 15
117 1099 160 1131 de
185 1098 302 1141 Obicis
324 1099 453 1130 vicario
481 1099 611 1130 domini
643 1098 865 1137 Marchionis,
897 1100 954 1140 qui
987 1099 1188 1130 festinanter
1219 1109 1295 1131 cum
1327 1099 1440 1131 multis
1472 1099 1681 1141 equestribus
1713 1106 1745 1131 et
1773 1095 1944 1141 peditibus

115 1151 358 1184 adcesserunt³
375 1152 419 1183 ad
433 1152 548 1183 locum
563 1152 685 1193 pontis,
709 1152 887 1194 ipsumque
912 1152 1136 1190 destruerunt,
1162 1162 1203 1183 ne
1221 1152 1351 1183 inimici
1376 1152 1502 1183 reverti
1524 1159 1662 1193 possent
1684 1159 1794 1190 retr03
1819 1153 1943 1184 deinde

117 1205 223 1236 secuti
246 1210 323 1236 sunt
345 1205 502 1236 inimicos
527 1211 560 1236 et
583 1205 717 1246 preliati
741 1211 818 1236 sunt
843 1215 919 1236 cum
943 1205 1002 1243 eis,
1034 1205 1146 1236 taliter
1177 1204 1270 1247 quod
1300 1205 1411 1236 dictus
1440 1205 1589 1236 vicarius
1620 1215 1696 1236 cum
1728 1206 1794 1237 suis
1827 1206 1944 1237 confli-

114 1263 236 1289 xerunt
259 1257 344 1294 illos,
369 1263 403 1289 et
426 1256 628 1289 occiderunt
651 1259 694 1289 de
718 1257 797 1295 illis,
821 1263 855 1289 et
880 1259 970 1299 capti
994 1257 1052 1288 alii
1076 1257 1214 1289 fuerunt
1238 1264 1303 1289 etc.

201 1310 333 1342 Eodem
357 1310 546 1348 millesimo,
570 1321 611 1342 111
634 1310 728 1353 junii.
752 1310 900 1341 Domina
922 1310 1063 1342 Beatrix
1088 1311 1198 1351 neptis
1220 1310 1391 1352 magnifici
1415 1309 1543 1341 domini
1576 1311 1703 1342 domini
1734 1311 1872 1342 Mastini
1901 1311 1943 1342 de

51 1365 91 1396 20
116 1363 147 1394 la
170 1363 283 1402 Scala,
307 1374 373 1405 que
396 1374 483 1395 uxor
505 1370 579 1396 erat
602 1363 735 1395 comitis
759 1363 854 1395 Nerii
879 1364 922 1394 de
953 1363 1058 1400 pixis,
1082 1363 1247 1404 adplicuit
1270 1363 1461 1394 Ferrariam
1492 1364 1537 1394 ad
1561 1364 1740 1405 hospitium
1765 1365 1798 1395 in
1821 1364 1946 1405 palatio

115 1416 242 1448 domiui
258 1417 471 1449 Marchionis
495 1423 560 1448 etc.
584 1416 641 1448 cui
666 1422 701 1448 et
723 1427 782 1449 sue
800 1416 959 1448 comitive
975 1416 1157 1447 maximum
1182 1416 1340 1448 fecerunt
1363 1417 1545 1454 honorem;
1569 1417 1636 1448 alio
1660 1417 1714 1448 die
1738 1417 1878 1448 recessit
1902 1417 1944 1448 de

115 1469 285 1508 Ferraria,
309 1469 437 1511 ivitque
461 1479 578 1501 versus
601 1469 790 1501 Bononiam
815 1474 881 1501 etc.

202 1522 334 1554 Eodem
358 1522 549 1561 millesimo,
572 1521 628 1554 die
650 1532 718 1553 vnr
739 1522 838 1564 junii.
862 1522 1027 1553 Dominus
1049 1522 1179 1560 Padue,
1203 1522 1337 1554 scilicet
1361 1522 1517 1554 dominus
1547 1522 1697 1565 Jacobus
1729 1523 1772 1554 de
1804 1523 1946 1555 Cararia

115 1575 209 1607 venit
233 1576 277 1606 ad
300 1575 547 1616 parlamentum
571 1575 726 1617 Rodigio
751 1586 827 1607 cum
850 1574 988 1607 domino
1012 1575 1211 1607 marchione
1236 1575 1390 1617 Obicone
1414 1581 1478 1607 etc.

201 1628 334 1660 Eodem
357 1628 538 1659 millesimo
563 1634 597 1659 et
621 1638 747 1659 mense.
771 1628 938 1659 Dominus
962 1628 1138 1659 Luchinus
1162 1628 1363 1660 Vicecomes
1386 1634 1419 1659 et
1444 1628 1601 1660 dominus
1616 1628 1817 1666 Mediolani,
1834 1629 1944 1660 sciens

117 1681 298 1713 adventum
323 1680 452 1712 domini
474 1681 688 1722 imperatoris
710 1680 868 1723 Ludoyci
892 1681 934 1712 de
957 1681 1138 1723 Bayveria,
1164 1686 1197 1712 et
1222 1681 1280 1711 filii
1304 1681 1375 1712 eius
1399 1681 1604 1712 marchionis
1629 1682 1671 1712 de
1695 1681 1946 1723 Brandiburgo,

118 1733 162 1766 ad
185 1733 357 1765 civitatem
380 1734 512 1771 Trenti,
535 1739 573 1765 ut
595 1743 717 1774 pacem
742 1733 979 1765 commicteret
1002 1734 1036 1764 in
1060 1733 1212 1775 partibus
1235 1734 1452 1771 Lombardie‚
1478 1734 1634 1765 domiuus
1656 1734 1833 1765 Luchinus
1857 1734 1946 1765 dire-

114 1786 163 1818 xit
186 1792 305 1829 gentes
330 1798 405 1818 suas
429 1786 618 1829 equestres¹
643 1794 676 1818 et
698 1788 876 1828 pedestres
899 1787 933 1818 in
949 1787 1094 1818 maxima
1118 1788 1303 1829 quantitate
1328 1787 1469 1819 domino
1494 1788 1659 1828 episcopo
1684 1787 1774 1819 dicte
1799 1787 1945 1819 civitatis

114 1840 234 1871 Trenti
247 1839 270 1877 ⁴,
294 1845 330 1871 ut
353 1839 508 1871 obviaret
523 1840 700 1871 transitum
718 1840 952 1881 Imperatoris3
977 1845 1011 1871 et
1026 1840 1075 1871 sic
1093 1839 1176 1871 fecit
1194 1840 1396 1881 Episcopus.
1444 1840 1549 1877 Quod
1566 1839 1676 1871 sciens
1694 1841 1851 1871 dominus
1867 1839 1943 1870 Ma-

52 1893 93 1925 30
117 1891 225 1923 stinus
249 1892 292 1924 de
316 1892 349 1923 la
372 1892 475 1924 Scala
498 1892 584 1924 fecit
607 1899 783 1934 treuguam
808 1903 885 1923 cum
909 1892 1104 1924 Mantuanis
1120 1898 1152 1924 et
1170 1892 1293 1924 direxit
1316 1899 1435 1934 gentes
1459 1903 1535 1923 suas
1560 1898 1733 1934 equestres
1758 1899 1791 1924 et
1813 1893 1946 1934 pedites

117 1944 255 1977 domino
278 1946 370 1977 Xico
395 1947 438 1977 de
461 1945 648 1988 Caldinaco
662 1945 683 1984 ⁵,
707 1951 740 1977 et
764 1946 908 1977 dominis
932 1946 976 1976 de
1001 1944 1241 1978 Castro-barco
1255 1945 1266 1962 ⁶
1291 1945 1408 1977 amieis
1425 1945 1509 1977 dicti
1526 1945 1754 1986 Imperatoris,
1770 1951 1807 1976 ut
1823 1946 1944 1986 dapni-

116 1998 258 2029 ficarent
280 1999 450 2030 civitatem
475 2004 509 2030 et
533 1998 730 2030 comitatum
754 1999 874 2030 Trenti
898 2005 963 2031 etc.

205 2051 335 2083 Eodem
359 2051 538 2082 millesimo
562 2059 713 2083 ccchVI
743 2057 777 2082 et
803 2061 919 2083 mense
945 2051 1040 2094 junii.
1070 2052 1235 2083 Dominus
1266 2051 1504 2094 Phylyppinus
1538 2057 1570 2082 et
1600 2051 1755 2083 dominus
1777 2050 1948 2082 Feltrinus

120 2104 164 2135 de
186 2104 350 2147 Goncaga
373 2105 497 2135 fratres
522 2115 597 2136 cum
621 2104 767 2136 maximo
791 2105 943 2136 exercitu
967 2105 1205 2146 equitaverunt
1228 2115 1331 2145 super
1355 2104 1512 2135 districtu
1535 2103 1667 2141 Parme,
1691 2104 1862 2135 territorio
1887 2103 1948 2134 do-

55 2157 95 2189 35
119 2157 199 2188 mini
222 2157 429 2189 marchionis
459 2157 634 2200 Obiconis‚
659 2164 692 2189 et
715 2157 869 2189 districtu
893 2157 1007 2199 Regii,
1032 2158 1163 2189 scilicet
1186 2157 1344 2198 Borcano
1373 2157 1415 2188 de
1438 2157 1643 2194 Mansredis,
1661 2163 1694 2188 et
1711 2157 1839 2188 Sancto
1856 2157 1949 2187 Mar-

119 2210 189 2241 tino
213 2210 256 2241 de
280 2210 442 2241 Robertis
454 2209 476 2247 ⁷,
501 2221 565 2252 que
590 2216 700 2242 castra
723 2216 804 2241 tunc
829 2210 1002 2241 contraria
1027 2216 1123 2241 erant
1147 2210 1361 2241 dominorum
1379 2210 1421 2240 de
1447 2209 1623 2251 Gongaga,
1640 2215 1672 2240 et
1694 2215 1825 2250 partem
1850 2208 1946 2240 fove-

118 2262 202 2294 bant
226 2262 355 2294 domini
377 2262 598 2300 Mar-chionis,
623 2269 656 2294 et
680 2263 923 2304 dirupaverunt
947 2263 1076 2299 domos,
1102 2268 1136 2293 et
1159 2262 1417 2293 comburserunt
1443 2261 1506 2293 alia
1533 2261 1622 2293 bona
1647 2268 1711 2293 etc.

51 1628 91 1660 25

209 2397 233 2421 7.
254 2390 427 2423 resisterunt]
448 2392 611 2415 restiterunt
629 2399 694 2415 corr.
715 2392 791 2415 Mun.
811 2405 843 2408 —
863 2399 888 2423 9.
910 2391 1012 2415 multos
1033 2392 1157 2415 mortuos
1177 2392 1204 2414 et
1222 2392 1319 2421 captos
1337 2390 1396 2414 AB
1414 2403 1446 2407 —
1470 2397 1508 2421 14.
1528 2390 1640 2422 quidam
1658 2398 1723 2413 corr.
1744 2391 1820 2414 Mun.
1847 2403 1878 2406 ——
1909 2389 1946 2414 16.

118 2433 315 2457 destruxerunt
332 2441 397 2456 corr.
418 2433 495 2457 Mun.
517 2446 548 2450 —
567 2441 606 2464 ¹9·
621 2434 723 2457 Eodem
743 2433 961 2464 millesim01die
981 2434 1057 2457 Mun.
1078 2445 1109 2449 -—
1132 2439 1171 2463 24.
1191 2432 1307 2464 Rodigii
1326 2432 1403 2457 Μυκ,
1426 2446 1454 2449 -
1477 2438 1519 2463 25.
1539 2432 1686 2456 Millesimo
1706 2433 1733 2455 et
1752 2439 1800 2455 om.
1822 2433 1897 2455 Mun.
1914 2444 1944 2447 —

122 2481 164 2507 33.
183 2475 328 2499 millesimo
349 2481 470 2499 cccxm'1
489 2477 516 2499 et
535 2483 584 2500 om.
603 2476 682 2499 Mun.
702 2488 733 2491 —
753 2480 796 2505 37.
815 2476 1026 2498 combusserunt
1044 2483 1110 2499 corr.
1130 2475 1207 2498 MUR.

57 2827 90 2845 10

208 2568 215 2585 ¹
236 2570 314 2599 Cese,
328 2577 344 2594 o
364 2571 438 2600 Zese,
453 2570 534 2602 luogo
554 2571 652 2595 antico
666 2571 711 2594 nel
724 2570 883 2599 Modenese,
896 2571 945 2594 che
959 2578 1008 2594 ora

119 2611 132 2636 ὲ
151 2612 315 2636 conosciuto
335 2613 411 2636 sotto
430 2613 452 2636 il
471 2620 552 2636 nome
571 2612 642 2637 della
665 2612 812 2644 Bastiglia.
850 2612 894 2636 Cf.
919 2612 1008 2635 Tum-

119 2660 229 2683 uoscm,
248 2654 407 2678 Dizionario
426 2663 484 2683 ecc„
505 2656 562 2682 cit..
581 2662 608 2685 p.
629 2661 687 2678 200.

206 2693 217 2710 ἵ
236 2695 259 2719 Ι-1
281 2695 424 2719 chronicon
443 2704 489 2720 usa
510 2703 617 2728 sempre
636 2697 741 2727 quidem
760 2703 810 2727 per
828 2696 948 2726 quidam,
961 2696 1010 2720 che

120 2737 248 2762 abbiamo
259 2744 368 2769 sempre
381 2739 531 2769 registrato
546 2739 616 2762 nelle
630 2738 752 2762 varianti
763 2745 777 2761 e
789 2739 913 2761 corretto
924 2737 1010 2768 (forse

120 2787 178 2803 non
200 2786 248 2803 era
265 2779 431 2810 necessario)
457 2781 502 2803 nel
521 2782 601 2804 testo.
638 2780 669 2803 l'n
689 2781 787 2810 questo
812 2785 885 2808 caso,
905 2779 1010 2809 quidem

120 2820 176 2852 pub
196 2828 284 2845 essere
304 2823 451 2849 accettato,
471 2829 520 2852 per
539 2822 622 2845 ovvie
643 2822 763 2853 ragioni.

208 2860 218 2877 3
237 2862 326 2887 Solita
338 2864 528 2887 costruzione:
542 2864 591 2893 qut
602 2862 724 2894 (singol.)
743 2870 801 2886 cum
815 2865 858 2886 etc.
874 2869 888 2885 e
901 2862 922 2885 il
937 2863 1010 2885 resto

121 2905 239 2937 plurale.

209 2945 220 2960 ⁴
240 2947 295 2970 Era
317 2954 432 2970 vescovo
451 2946 480 2970 di
500 2947 605 2970 Trento
622 2945 724 2970 Nicolb
743 2946 849 2969 Abrein
864 2946 891 2969 dt
906 2947 1010 2969 Brnnn.

209 2985 219 3001 ⁵
237 2987 300 3012 sico
320 2995 336 3011 o
356 2988 457 3011 §icone
477 2988 506 3011 di
526 2987 729 3015 Castelnuovo,
748 2987 846 3018 signor
860 2987 889 3010 di
903 2987 1007 3011 Caldo-

1062 2578 1155 2595 nazzo.
1193 2571 1244 2594 Per
1262 2571 1287 2594 la
1306 2571 1470 2602 genealogia
1490 2570 1534 2593 dei
1547 2570 1660 2600 Signori
1680 2570 1708 2593 di
1723 2568 1907 2597 Cafflonazzo,
1922 2577 1947 2592 v.

1064 2613 1097 2636 G.
1117 2612 1153 2636 A.
1172 2613 1375 2642 MONTEBELLQ
1395 2612 1496 2635 Notizie
1518 2611 1628 2634 storiche
1652 2611 1825 2642 topografiche
1849 2618 1862 2633 e
1886 2611 1947 2634 reli-

1059 2655 1131 2685 gt'ose
1150 2654 1219 2677 della
1244 2654 1394 2684 Valsugana
1412 2661 1425 2676 e
1445 2654 1474 2675 di
1490 2653 1634 2680 Prtnu‘ero,
1652 2653 1801 2681 Rovereto,
1823 2658 1896 2684 1793.

1151 2693 1161 2709 ⁶
1181 2695 1220 2719 La
1239 2695 1369 2726 famiglia
1389 2695 1498 2718 feudale
1518 2695 1563 2718 dei
1581 2694 1695 2725 Signori
1714 2694 1744 2717 di
1767 2693 1949 2718 Castelbareo

1063 2737 1169 2768 (presso
1193 2736 1280 2768 Avio)
1307 2744 1353 2760 era
1378 2737 1492 2768 potente
1518 2743 1532 2759 e
1557 2735 1710 2766 possedeva
1737 2735 1782 2759 nel
1810 2736 1949 2759 Trentino

1063 2779 1204 2802 numerosi
1231 2778 1348 2807 castelli,
1373 2777 1480 2802 nonche
1507 2778 1657 2806 Rovereto,
1684 2777 1802 2806 Albano,
1828 2778 1911 2800 Nomi
1937 2785 1951 2801 e

1065 2820 1166 2844 Gresta
1179 2820 1211 2842 ed
1225 2820 1312 2843 anche
1326 2820 1353 2844 la
1368 2821 1442 2843 terra
1457 2819 1484 2843 di
1499 2819 1566 2842 Salo
1580 2827 1632 2841 con
1647 2819 1671 2842 la
1685 2819 1789 2841 riviera
1802 2819 1950 2842 Breseiana

1063 2861 1106 2884 del
1126 2861 1191 2892 lago
1211 2861 1240 2883 di
1261 2860 1365 2889 Garda,
1386 2868 1434 2891 per
1447 2860 1628 2884 concessione
1642 2861 1764 2884 avutane
1778 2859 1821 2882 nel
1839 2865 1901 2890 1331
1917 2860 1952 2883 da

1065 2902 1210 2926 Giovanni
1230 2910 1259 2925 re
1279 2902 1308 2925 di
1330 2903 1452 2925 ssoemia.

1151 2943 1161 2958 7
1182 2945 1237 2967 San
1264 2944 1388 2967 Martino
1410 2945 1438 2967 in
1464 2944 1526 2972 Rio,
1547 2943 1624 2967 detto
1647 2943 1735 2966 anche
1754 2943 1809 2966 San
1829 2943 1953 2967 Martino

1064 2986 1106 3010 de'
1125 2986 1240 3009 Roberti
1254 2993 1268 3009 e
1280 2985 1334 3009 San
1350 2986 1473 3009 Martino
1487 2985 1595 3015 d’Este,
1609 2992 1625 3008 a
1647 2992 1677 3015 14
1690 2985 1740 3009 kil.
1753 2985 1787 3008 da
1801 2984 1907 3016 Reggio
1920 2984 1952 3007 ed
2002 2989 2011 2995 ·

1993 531 2065 551 Mun..
2082 535 2119 552 427

2021 1802 2040 1815 c.
2056 1797 2115 1815 ιοέυ

1979 2574 2007 2599 ¹5

1979 2781 2012 2798 20

1983 2991 2012 3014 2>
