2360 3603
211 1117 227 1130 C·
246 1117 282 1129 112
292 1117 305 1129 ἸΙ

210 1910 231 1928 M
237 1914 284 1931 UR..
301 1915 338 1933 434

403 211 472 245 144
1026 208 1335 243 CHRONICON
1366 208 1595 242 ESTENSE
1926 212 2008 246 [AA.
2031 211 2225 245 1346-13471

394 342 552 373 ferebant
568 352 671 378 arma,
697 340 752 383 qui
776 341 1041 380 responderunt:
1061 340 1139 380 qnia
1154 350 1265 369 snmus
1282 338 1403 369 nobiles
1419 339 1514 369 istim·
1538 338 1694 378 civitatis,
1712 339 1785 368 idco
1799 341 1974 380 portamus
1991 349 2095 369 arma.
2143 336 2221 374 Que

396 395 537 426 audiens
554 394 752 435 capitaneus
768 393 871 424 iratus
895 399 954 430 est,
979 399 1011 423 et
1034 391 1178 423 detineri
1202 392 1287 423 fecit
1309 392 1397 430 illos,
1421 402 1504 433 quos
1523 391 1709 432 decapitari
1727 391 1809 422 fecit
1833 391 1906 422 sine
1923 391 2076 428 indutiisg
2101 396 2134 422 et
2156 391 2220 422 hoc

394 448 429 478 in
453 447 620 488 principio
646 446 768 477 mensis
791 445 934 488 januarii
958 445 1197 477 MCCCLVII.

1173 581 1449 613 MCCCXLVII.

480 682 542 713 Die
567 692 633 713 xm
656 682 812 724 januarii.
837 681 1000 713 Dominus
1024 680 1165 723 Erucius
1189 680 1275 711 filius
1291 680 1451 711 naturalis
1468 679 1595 710 domini
1611 679 1757 710 Luchini
1773 679 1995 710 Vicecomitis
2011 678 2145 719 accepit
2161 678 2222 709 do-
2269 678 2286 707 5

394 735 531 765 minium
555 735 701 766 civitatis
723 735 878 765 Tortone
902 744 963 774 pro
988 733 1080 764 dicto
1105 733 1242 764 domino
1267 732 1422 764 Luchino
1447 732 1490 763 de
1514 732 1711 773 volunptate
1737 732 1860 762 civium
1883 732 2047 763 Tortone.

479 788 609 819 Eodem
626 787 817 824 millesimo,
831 787 886 817 die
903 796 930 817 11
954 786 1128 817 februarii.
1152 785 1338 816 Maximum
1354 786 1604 826 parlamentum
1621 785 1750 816 factum
1768 790 1818 815 est
1837 784 1881 814 ad
1898 784 2080 815 Passanum
2096 784 2103 801 ¹
2121 793 2223 826 super

392 842 546 883 Donoya,
570 841 605 871 in
637 851 703 883 quo
736 840 874 871 fuerunt
898 839 1053 870 dominus
1077 838 1261 879 imperator
1282 838 1468 880 Ludoycus
1500 838 1542 869 de
1575 838 1753 880 Bayveria,
1787 838 1855 868 dux
1878 837 2038 869 Albertus
2062 837 2221 880 Austrye‚

392 895 459 925 duo
483 894 650 934 Episcopi
674 893 708 923 in
732 893 867 924 nomine
892 892 982 934 regis
1005 891 1168 934 Ungarie,
1194 897 1227 922 et
1243 891 1300 922 alii
1316 890 1462 928 nobiles,
1487 890 1520 921 in
1537 901 1606 932 qno
1622 890 1836 931 parlamento
1854 890 2050 921 iuraverunt
2068 891 2221 922 destruc-

397 947 533 983 tionem,
559 952 593 978 et
617 945 838 987 obprobrium
864 946 954 987 regis
978 945 1099 976 Karuli
1126 943 1267 975 Boemie
1292 944 1395 975 electi
1427 944 1463 974 in
1495 954 1610 985 regem
1643 944 1877 975 Romanorum
1902 952 1964 984 per
1995 953 2117 984 papam
2142 943 2220 974 Cle·
2248 943 2284 974 10

397 1005 543 1030 mentem
569 1006 603 1030 et
627 1000 699 1029 eius
724 998 866 1029 curiam.

480 1052 613 1083 Eodem
637 1051 817 1082 millesimo
842 1057 874 1082 et
899 1061 1014 1082 mense
1039 1050 1214 1082 februarii.
1262 1050 1426 1081 Dominus
1450 1049 1599 1082 Karolus
1624 1060 1681 1080 rex
1706 1049 1847 1081 Boemie
1875 1049 2003 1080 furtive
2027 1048 2221 1091 segregavit

393 1105 532 1136 Boemie
556 1105 590 1135 in
616 1104 733 1136 habitu
758 1104 943 1146 peregrini,
968 1109 1002 1135 et
1025 1103 1170 1145 aplicuit
1194 1103 1368 1134 civitatem
1392 1102 1514 1134 Trenti
1547 1102 1608 1134 sub
1632 1108 1726 1134 certa
1756 1113 1826 1143 spe,
1859 1113 1926 1143 que
1956 1101 2108 1138 fefellit‚'
2139 1102 2220 1144 quia

391 1158 496 1199 aliqui
521 1158 614 1188 cives
639 1157 788 1188 civitatis
811 1157 932 1188 Trenti
958 1167 1034 1187 cum
1066 1156 1235 1197 aliquibus
1266 1155 1461 1187 forensibus
1492 1155 1723 1186 existentibus
1754 1156 1799 1186 ad
1830 1155 2034 1196 stipendium
2060 1155 2095 1185 in
2128 1155 2222 1185 dicta

392 1211 532 1242 civitate
554 1221 616 1251 pro
641 1209 782 1241 domino
806 1209 965 1241 Luchino
982 1209 1211 1245 Vicecomite‚
1229 1210 1396 1240 dederant
1420 1208 1515 1239 dicto
1532 1209 1669 1239 domino
1686 1208 1818 1239 Karulo
1835 1208 2061 1239 intentionem
2078 1207 2220 1239 dominii
2250 1206 2285 1238 15

393 1264 485 1295 dicte
509 1263 656 1294 civitatis
680 1269 800 1294 contra
825 1263 1000 1294 dominum
1024 1262 1271 1303 imperatorem
1295 1262 1447 1292 anticum
1472 1267 1505 1292 et
1529 1267 1671 1299 rectum,
1694 1271 1734 1292 ac
1752 1261 1856 1292 filium
1874 1271 1970 1291 suum
1987 1260 2220 1291 marchionem

391 1316 433 1347 de
460 1315 737 1358 Brandiburgo²3
764 1321 798 1346 et
821 1315 926 1347 nichil
952 1315 1048 1346 fecit.
1096 1314 1263 1351 Quamvis
1296 1315 1451 1345 dominns
1475 1314 1624 1345 Karolus
1647 1313 1822 1354 predictus
1845 1323 1912 1344 non
1938 1319 2010 1344 erat
2033 1312 2217 1354 Augustus,

391 1375 503 1400 tamen
527 1369 560 1399 in
585 1369 680 1400 dicta
704 1368 843 1399 civitate
867 1368 902 1398 in
926 1368 998 1399 eius
1022 1368 1142 1399 favore
1160 1368 1317 1398 dominus
1334 1366 1520 1404 Luchixms,
1539 1367 1697 1397 dominus
1714 1365 1892 1403 Mastinus‚
1910 1365 2040 1397 domini
2066 1366 2220 1401 Mantue‚

391 1422 434 1453 ibi
461 1422 626 1453 tenebant
648 1427 768 1463 gentes
792 1432 868 1452 suas
892 1426 1068 1462 equestres
1093 1427 1126 1451 et
1150 1421 1284 1461 pedites
1309 1425 1374 1451 etc.

479 1476 610 1507 Eodem
635 1474 827 1505 millesimo.
874 1474 989 1505 Famis
1006 1474 1154 1504 maxima
1169 1484 1230 1514 per
1247 1479 1352 1505 totum
1370 1473 1496 1505 orbem.
1543 1473 1644 1504 Tunc
1660 1473 1823 1514 temporis
1847 1472 1935 1504 inter
1960 1478 2074 1504 cetera
2097 1471 2218 1503 starius
2242 1473 2283 1502 20

391 1529 555 1560 frumenti
580 1527 685 1558 valuit
703 1528 736 1558 in
756 1527 912 1559 Ferraria
928 1527 988 1558 sol.
1007 1536 1124 1557 xxvnr
1141 1526 1398 1558 bononiensium
1415 1533 1449 1558 et
1466 1526 1498 1556 in
1515 1526 1675 1567 granario
1693 1525 1846 1557 comunis
1861 1525 1998 1556 valebat
2011 1526 2218 1556 frumentum

390 1581 544 1613 comunis
567 1581 629 1611 sol.
655 1590 745 1611 xvm
771 1580 1030 1611 bononiensium
1056 1581 1101 1611 ad
1125 1580 1264 1611 starium
1289 1590 1424 1615 raxum;
1451 1579 1531 1610 faba
1556 1588 1661 1609 xxxin
1687 1579 1745 1610 sol.
1772 1578 1897 1610 melica
1920 1578 1980 1609 sol.
2005 1587 2095 1609 xv111
2120 1584 2186 1609 etc.

478 1633 609 1665 Eodem
634 1633 824 1670 millesimo,
841 1633 884 1664 de
907 1643 1021 1663 mense
1039 1632 1161 1669 martii,
1179 1632 1355 1673 publicata
1371 1638 1422 1663 est
1438 1637 1574 1662 moneta
1590 1631 1846 1668 ferrarinorum,
1864 1637 1900 1662 ut
1917 1632 2167 1672 expenderetur
2185 1631 2220 1662 in

389 1687 530 1719 civitate
555 1687 724 1724 Ferrarie,
749 1692 903 1727 tempore
928 1685 1055 1717 domini
1080 1685 1289 1717 marchionis
1313 1684 1477 1727 Obiconis
1502 1690 1567 1715 etc.

482 1740 612 1772 Eodem
635 1739 826 1775 millesimo,
851 1740 906 1770 die
932 1739 1034 1770 tertio
1058 1739 1184 1770 mensis
1215 1738 1350 1779 aprelis,
1376 1739 1418 1769 de
1449 1743 1563 1769 nocte.
1607 1738 1692 1770 Cum
1719 1737 1950 1769 Bernardinus
1974 1738 2062 1769 filius
2086 1737 2217 1769 domini
2243 1735 2282 1767 25

391 1793 545 1825 Hostaxii
571 1793 614 1824 de
631 1793 775 1824 Polenta
792 1799 870 1833 post
892 1798 1032 1823 mortem
1051 1791 1136 1823 dicti
1159 1792 1210 1822 sui
1226 1792 1333 1833 patris
1350 1792 1463 1822 factus
1481 1798 1568 1822 esset
1595 1797 1628 1822 et
1645 1791 1850 1822 constitutus
1866 1791 2023 1823 dominus
2039 1791 2219 1827 Ravenne,

390 1846 476 1877 alius
500 1846 607 1876 frater
633 1845 716 1876 dicti
741 1845 956 1883 Bernardini,
979 1845 1117 1876 nomine
1143 1844 1344 1882 pandulfus,
1370 1843 1611 1875 dominabatur
1635 1844 1768 1875 civitati
1792 1844 1933 1880 Cervie:
1958 1844 2078 1875 tertius
2109 1843 2219 1873 minor

390 1900 507 1936 frater,
532 1899 665 1930 scilicet
688 1898 903 1935 Lambertus‚
928 1898 1025 1939 quasi
1056 1898 1163 1929 nichil
1195 1897 1403 1938 possidebat,
1435 1897 1498 1928 nisi
1529 1897 1621 1939 quod
1652 1897 1845 1928 pandulfus
1876 1898 1948 1929 eius
1980 1897 2087 1928 frater
2110 1895 2220 1927 su'sti-

392 1953 496 1984 nebat
519 1963 606 1983 eum.

479 2004 548 2041 Qui
573 2005 765 2037 Pandulfus
790 2011 824 2036 et
847 2005 1050 2036 Lambertus
1075 2005 1231 2035 volentes
1248 2003 1457 2045 amplificare
1474 2009 1596 2034 statum
1623 2003 1771 2044 ipsorum
1796 2004 1950 2041 duorum,
1976 2003 2215 2046 cogitaverunt
2239 2002 2280 2033 30

391 2069 491 2099 quam
514 2064 654 2098 possent
677 2058 766 2088 viam
792 2063 920 2093 tenere,
945 2064 980 2088 ut
1004 2058 1048 2089 ad
1074 2067 1191 2088 eorum
1216 2056 1416 2087 intentionis
1439 2056 1604 2087 effectum
1629 2056 1796 2087 venirent.
1845 2055 2004 2093 Quadam
2023 2061 2135 2087 autem
2160 2055 2217 2086 die

391 2111 476 2142 ficte
501 2110 701 2141 direxerunt
724 2111 886 2141 nuncium
911 2110 1115 2141 Ravennam
1140 2108 1279 2140 domino
1311 2109 1536 2145 Bernardino,
1568 2108 1783 2140 notificantes
1812 2109 1853 2145 ei,
1886 2109 1976 2150 quod
2001 2108 2109 2139 frater
2138 2117 2219 2139 suus

392 2163 593 2194 Lambertus
616 2163 809 2204 patiebatur
839 2162 989 2205 graviter
1013 2168 1156 2204 propter
1189 2161 1370 2203 quamdam
1402 2161 1657 2202 percussionem
1690 2173 1789 2203 quam
1821 2161 1987 2192 habuerat
2019 2161 2148 2192 cadens
2171 2161 2215 2192 de

393 2227 480 2258 equo
504 2227 575 2255 suo,
599 2222 633 2248 et
657 2216 749 2258 quod
772 2215 798 2246 si
824 2217 936 2248 dictus
960 2215 1192 2247 Bernardinus
1216 2215 1322 2246 vellet
1346 2216 1485 2246 fratrem
1510 2225 1606 2246 suum
1637 2215 1750 2246 vivum
1781 2214 1912 2251 videre,
1944 2214 2148 2246 festinanter
2172 2213 2217 2245 ibi

390 2270 585 2301 accederet.
633 2268 701 2306 Qui
725 2269 775 2300 sic
800 2269 885 2301 fecit
907 2268 1106 2300 immediate
1132 2269 1204 2299 siue
1222 2268 1356 2304 fraude,
1374 2274 1408 2299 et
1431 2267 1589 2299 Cerviam
1614 2267 1759 2309 aplicuit
1780 2267 1897 2310 ibique
1922 2268 2054 2299 invenit
2077 2268 2218 2298 fratrem
2243 2265 2282 2297 35

393 2333 488 2353 suum
512 2323 683 2354 iacentem
707 2323 739 2353 in
765 2322 867 2360 lecto,
892 2327 1138 2353 monstrantem
1161 2330 1197 2352 se
1221 2321 1349 2352 dolere.
1396 2321 1503 2352 Facto
1528 2326 1640 2352 autem
1665 2330 1751 2357 sero,
1770 2327 1803 2352 et
1819 2321 2051 2352 Bernardinus
2073 2319 2215 2351 intravit

395 2384 566 2406 cameram
590 2385 695 2411 suam,
727 2374 785 2406 ubi
817 2374 967 2406 debebat
998 2373 1171 2415 hospitari.
1218 2373 1317 2405 Tunc
1349 2373 1456 2404 frater
1487 2373 1558 2404 eius
1589 2373 1782 2404 Pandulfus
1813 2373 1900 2405 fecit
1931 2383 2056 2414 capere
2089 2372 2216 2404 dictum

389 2428 648 2464 Bernardfflum,
673 2427 886 2469 fortibusque
910 2427 1106 2459 carceribus
1129 2427 1280 2463 includi3
1304 2425 1432 2457 deintle
1463 2437 1541 2458 curn
1574 2427 1678 2458 certis
1709 2427 1778 2457 suis
1809 2426 1950 2457 famulis
1981 2425 2124 2457 armatis
2148 2425 2212 2456 ivit

391 2481 552 2512 celeriter
574 2481 788 2518 Ravennam,
813 2485 846 2511 et
867 2480 1083 2521 aplicuerunt
1107 2485 1223 2520 portas
1248 2479 1399 2511 civitatis
1432 2486 1600 2510 vocantes
1625 2478 1785 2511 custodes
1816 2478 1908 2510 dicte
1939 2484 2049 2520 porte,
2075 2483 2216 2520 eratque

392 2543 467 2564 cum
492 2534 583 2565 dicto
607 2532 779 2564 Pandulfo
802 2533 940 2574 quidam
964 2538 1118 2564 secretus
1143 2532 1323 2562 familiaris
1346 2532 1430 2562 dicti
1455 2532 1662 2564 Ber-nardini
1686 2537 1828 2573 propter
1852 2531 2014 2562 maiorem
2046 2530 2215 2562 fiduciam.
2240 2530 2282 2562 40

392 2586 558 2617 Custodes
581 2592 677 2626 porte
701 2585 1002 2627 interrogaverunt
1024 2585 1111 2622 illos,
1135 2584 1193 2626 qui
1217 2590 1324 2615 erant.
1373 2584 1443 2622 Qui
1468 2585 1664 2625 respondit:
1691 2595 1758 2626 ego
1781 2595 1851 2615 sum
1882 2583 2007 2628 Balqus
2022 2583 2218 2625 familiaris

394 2639 522 2670 domim*
540 2639 760 2676 Ber-nardini,
784 2640 844 2681 qui
871 2639 942 2669 volo
957 2638 1171 2680 festinanter
1201 2638 1370 2668 civilatem
1402 2638 1535 2668 intrare
1558 2642 1590 2668 et
1619 2637 1776 2679 accipere
1808 2642 1918 2668 certas
1943 2637 2125 2668 medicinas
2151 2639 2217 2678 pro

392 2692 580 2728 Lamberto,
604 2693 664 2734 qui
680 2692 887 2734 gravissime
909 2692 1054 2734 patitur,
1076 2695 1108 2722 et
1132 2691 1320 2728 immediate
1342 2691 1456 2722 redire
1481 2690 1646 2722 Carvium.
1693 2690 1793 2722 Tunc
1825 2690 1985 2721 custodes
2017 2695 2115 2731 porte
2139 2698 2218 2730 ape-

481 2810 503 2827 2.
524 2804 585 2834 dopo
603 2803 656 2827 hoc
676 2804 705 2826 in
724 2804 747 2827 Α
768 2803 812 2827 die
831 2810 860 2826 xi
879 2803 1018 2826 cancellato
1037 2810 1081 2826 con
1101 2810 1137 2826 un
1157 2803 1214 2833 rego
1233 2815 1265 2819 —
1285 2809 1310 2833 3.
1330 2801 1514 2827 MCCCLVH
1533 2810 1581 2826 om.
1600 2803 1676 2826 Mun.
1694 2815 1723 2819 -
1743 2808 1779 2825 12.
1794 2802 1896 2825 Eodem
1910 2820 1915 2825 .
1983 2801 2022 2832 et]
2038 2801 2122 2824 Dicto
2136 2800 2214 2823 Mun.

394 2859 424 2863 —-
447 2851 486 2876 25.
507 2845 683 2870 Eodem....
704 2843 759 2877 die]
779 2846 833 2868 Die
853 2845 939 2868 tertio
959 2845 1036 2868 Mun.
1058 2858 1088 2861 -—
1109 2844 1149 2868 28.
1170 2844 1327 2867 Pandulfus
1341 2845 1366 2867 iu
1380 2844 1403 2867 A
1419 2853 1486 2875 agvgr.
1501 2845 1535 2867 da
1549 2853 1623 2868 mano
1643 2845 1748 2867 corsiva
1769 2845 1814 2866 dcl
1831 2847 1915 2873 lemfio
1934 2852 1963 2867 su
1977 2842 2141 2866 Lambertus
2154 2850 2215 2866 can-

393 2889 451 2911 cell.
471 2896 515 2910 con
536 2896 567 2910 un
587 2888 650 2917 wgo-0
669 2900 700 2904 —
722 2887 761 2916 36.
783 2891 808 2909 et
828 2895 875 2910 mn.
897 2887 972 2910 Mun.
995 2900 1025 2904 -—
1047 2886 1086 2917 38.
1111 2887 1246 2917 sortisque
1267 2887 1290 2909 Α
1305 2888 1329 2909 Β
1349 2899 1355 2902 -
1376 2894 1428 2916 qua
1450 2887 1472 2909 A

484 2974 491 2989 ¹
511 2975 597 2998 Forse
617 2975 721 2998 Passau
741 2975 782 2998 sul
804 2975 949 2998 Danubio.
1423 2972 1433 2988 ²
1454 2974 1609 2998 Lodovic0.
2247 2977 2260 3002 5
