2360 3603
382 263 451 298 190
999 262 1315 298 CHRONICON
1343 261 1573 297 ESTENSE
2033 268 2083 302 [A.
2104 268 2196 303 1353]

461 395 593 426 Eodem
618 394 808 431 millesimo,
825 394 879 425 die
897 394 980 425 V111⁰
995 395 1122 425 mensis
1138 393 1299 425 octubris.
1327 393 1516 435 Januenses
1531 399 1609 434 post
1626 403 1741 424 eorum
1759 393 1956 425 conflictum
1982 394 2199 426 tradiderunt

372 447 542 478 civitatem
562 448 669 488 Janue
694 454 836 487 propter
861 447 1121 478 neccessitatem
1146 447 1247 478 famis
1271 446 1408 478 domino
1432 446 1699 487 archiepiscopo
1723 446 1912 478 Mediolani
1928 447 1948 484 ¹,
1966 452 2002 478 et
2020 452 2056 479 ut
2073 447 2196 478 defen-

374 500 471 530 deret
495 500 666 531 civitatem
692 499 734 531 ab
758 500 904 531 inimicis
929 510 1056 531 eorum.

461 552 592 583 Eodem
616 553 806 589 millesimo,
831 553 886 583 die
920 553 1013 583 xvu⁰
1043 552 1128 584 dicti
1159 552 1296 583 mensis.
1342 551 1507 583 Dominus
1532 552 1730 595 Raynerius
1754 553 1798 584 de
1821 551 1944 584 Museo
1975 558 2008 584 et
2038 553 2194 585 dominus

375 605 528 636 Marinus
552 605 718 636 Fallerius
740 605 990 637 ambaxiatores
1013 605 1167 637 comunis
1190 605 1402 636 Venetorum
1426 610 1645 636 accesserunt
1669 605 1862 636 Ferrariam
1880 605 1925 637 ad
1947 605 2194 646 parlamentum
2244 605 2262 636 5

374 667 451 688 cum
475 657 615 689 domino
640 658 843 690 Marchione
869 664 949 694 etc.;
975 664 1009 689 et
1033 658 1100 689 alio
1137 658 1191 689 die
1216 668 1302 688 unus
1328 657 1498 689 dictorum
1522 657 1790 689 ambaxiatorum
1814 658 1878 689 ivit
1895 657 2096 696 Ariminum,
2113 659 2198 690 alter

376 720 456 741 vero
481 712 644 742 remansit
666 711 837 742 Ferrarie.

460 763 594 794 Eodem
616 764 807 801 millesimo,
832 764 888 795 die
913 764 952 794 11⁰
977 764 1181 795 novembris.
1228 764 1395 795 Dominus
1418 763 1571 795 marchio
1588 762 1872 796 Aldrovandinus
1889 770 1954 796 etc.
1979 775 2055 796 cum
2081 764 2196 796 amba-

373 816 560 848 xiatoribus
583 816 796 848 Venetorum
820 817 954 848 iverunt
979 816 1147 848 Abaciam
1172 817 1347 848 districtus
1371 816 1532 859 Rodigii:
1557 817 1625 848 alio
1650 817 1717 855 die,
1742 817 1784 848 de
1809 816 2030 849 consciencia
2054 817 2198 849 Consilii

374 869 437 908 sui,
460 870 520 902 ivit
544 880 621 901 cum
645 871 811 912 predictis
833 869 1050 912 Lignagum²
1075 876 1224 902 castrum
1249 870 1378 901 domini
1409 870 1514 902 Canis
1547 871 1589 901 de
1621 870 1654 901 la
1687 870 1799 908 Scala,
1824 870 1880 902 ubi
1913 870 2071 902 dominus
2095 869 2198 902 Canis
2226 871 2264 901 10

374 928 457 962 erat,
482 930 515 954 et
538 924 714 964 predictos
738 923 872 964 recepit
897 923 1167 965 magnanimiter,
1199 929 1231 954 et
1261 923 1308 955 ibi
1340 924 1441 954 etiam
1465 928 1539 954 erat
1570 923 1728 955 dominus
1759 924 1859 966 Acco
1892 924 1934 955 de
1959 923 2110 965 Corigia.
2156 923 2200 954 Et

373 977 466 1007 finito
491 977 705 1017 parlamento
729 977 976 1018 predictorum,
1001 977 1157 1008 dominus
1181 975 1285 1008 Canis
1316 983 1350 1008 et
1381 976 1540 1008 dominus
1571 976 1667 1019 Acco
1699 982 1934 1008 tractaverunt
1965 987 2084 1018 pacem
2108 977 2198 1009 inter

375 1029 549 1060 dominum
571 1029 812 1061 Marchionem
837 1036 914 1066 etc.‚
938 1036 970 1060 et
995 1030 1171 1061 dominum
1196 1029 1388 1061 Galassium
1413 1029 1456 1061 de
1474 1028 1634 1067 Medicis,
1653 1029 1710 1072 qui
1726 1028 1884 1061 dominus
1901 1029 2074 1061 Galassius
2097 1030 2198 1072 fuge-

373 1089 425 1113 rat
449 1083 491 1113 de
515 1082 684 1120 Ferraria,
708 1088 827 1114 contra
849 1083 1086 1124 volunptatem
1110 1082 1195 1113 dicti
1219 1082 1347 1114 domini
1372 1082 1598 1120 Marchionis,
1622 1088 1659 1114 ut
1682 1093 1794 1123 supra,
1826 1088 1859 1114 et
1891 1083 2006 1114 taliter
2037 1083 2199 1124 precibus

373 1135 589 1166 dominorum
614 1135 717 1167 Canis
741 1141 775 1167 et
798 1135 960 1178 Acconis,
984 1136 1143 1167 dominus
1165 1135 1321 1167 marchio
1346 1134 1627 1167 Aldrovandinus
1651 1135 1795 1177 gratiam
1813 1135 1969 1167 attribuit
1992 1141 2026 1166 et
2043 1135 2201 1177 pepercit
2227 1135 2264 1166 15

371 1188 536 1228 preterita
559 1189 698 1220 domino
723 1188 879 1220 Galassio
904 1189 948 1219 de
977 1188 1139 1225 Medicis,
1169 1188 1354 1220 Thebaldo
1387 1188 1431 1220 de
1463 1188 1659 1227 Costabilis‚
1691 1188 1876 1231 Phylyppo
1910 1188 1952 1219 de
1984 1187 2143 1230 Paganis,
2167 1194 2201 1219 et

199 1255 218 1268 c·
234 1255 296 1273 mv
372 1241 521 1272 restituit
544 1241 594 1272 eis
617 1241 730 1272 omnia
754 1251 870 1273 eorum
895 1241 995 1273 bona.
1042 1241 1172 1273 Verum
1196 1248 1258 1279 est,
1276 1242 1368 1283 quod
1385 1242 1542 1273 dominus
1559 1242 1733 1273 Galassius
1749 1242 1804 1272 de'
1829 1241 1978 1273 Medicis
1994 1241 2202 1282 promixerat

175 1299 248 1321 Mus..
263 1304 300 1322 αττ
376 1294 513 1335 prefato
538 1294 675 1325 domino
700 1293 896 1326 Marchioni
919 1294 1009 1326 tradi
1033 1294 1097 1326 sibi
1120 1295 1255 1336 signum
1279 1293 1391 1326 castri'
1416 1294 1574 1333 Maderii,
1598 1300 1632 1326 et
1655 1295 1835 1326 restituere
1852 1294 1916 1326 sibi
1933 1300 2090 1332 castrum,
2108 1294 2202 1336 quod

373 1346 491 1378 facere
516 1347 699 1384 recusavit,
724 1348 861 1380 dicens:
887 1346 980 1390 quod
1003 1348 1135 1389 signum
1160 1347 1352 1389 predictum
1377 1347 1555 1379 dimiserat
1578 1348 1613 1379 in
1637 1347 1774 1379 civitate
1806 1347 1948 1380 Verone
1979 1348 2015 1378 in
2045 1347 2201 1379 manibus

377 1399 510 1431 domini
536 1399 639 1431 Canis
662 1400 705 1431 de
730 1401 762 1431 la
785 1399 889 1431 Scala
914 1406 979 1432 etc.
2225 1401 2267 1431 20

462 1453 594 1484 Eodem
620 1453 800 1484 millesimo
825 1462 968 1492 cccmu,
985 1454 1041 1485 die
1059 1454 1156 1485 V1111⁰
1171 1454 1298 1485 mensis
1314 1453 1518 1485 novembris.
1566 1453 1733 1485 Dominus
1749 1452 2029 1485 Aldrovandinus
2046 1452 2200 1485 marchio

376 1512 441 1536 etc.
466 1506 640 1547 ingressus
663 1512 714 1538 est
735 1512 861 1537 terram
885 1506 1103 1538 Lendenarie
1117 1508 1127 1524 ³
1151 1506 1210 1538 ubi
1232 1507 1324 1538 stetit
1347 1510 1430 1538 11110r
1455 1505 1587 1538 diebus.

465 1558 598 1590 Eodem
623 1558 814 1596 millesimo,
839 1559 895 1590 die
921 1559 1001 1590 XI11⁰
1025 1560 1151 1591 mensis
1176 1559 1338 1601 predicti.
1384 1559 1552 1590 Dominus
1586 1558 1744 1591 Marchio
1776 1559 1954 1601 predictus
1986 1569 2063 1590 cum
2087 1559 2202 1591 amba-

376 1611 564 1643 xiatoribus
586 1612 798 1644 Venetorum
823 1612 958 1643 iverunt
980 1612 1064 1643 Εεῒ4
1089 1613 1264 1644 districtus
1288 1611 1407 1643 Padue
1432 1612 1476 1643 ad
1499 1613 1748 1653 parlamentum
1773 1621 1850 1643 cum
1875 1612 2019 1644 domino
2035 1611 2203 1655 Jacobino

377 1665 418 1696 de
443 1665 604 1700 Cararia3
628 1665 695 1696 alio
720 1665 776 1696 die
801 1675 887 1696 unus
911 1675 953 1696 ex
977 1665 1078 1697 dictis
1102 1664 1394 1697 ambaxiatoribus
1424 1666 1487 1696 ivit
1518 1664 1695 1703 Venetias,
1727 1665 1818 1697 alter
1848 1675 1930 1697 vero
1961 1676 2038 1697 cum
2063 1664 2202 1696 domino
2227 1664 2267 1696 25

377 1716 580 1749 Marchione
604 1718 734 1749 reversi
757 1724 834 1749 sunt
857 1718 1123 1755 Lendenariam,
1148 1718 1217 1749 alio
1241 1718 1297 1749 die
1322 1718 1515 1750 Ferrariam
1539 1723 1605 1749 etc.

464 1770 596 1802 Eodem
620 1771 814 1808 millesimo,
831 1771 887 1803 die
905 1771 1008 1802 xvr10.
1055 1771 1279 1803 Ambaxiator
1303 1771 1492 1812 predictus,
1509 1771 1567 1812 qui
1585 1771 1754 1803 Venetias
1769 1772 1890 1808 iverat,
1907 1772 2054 1803 accessit
2077 1772 2202 1803 Ferra-

376 1823 473 1860 riam,
497 1824 623 1854 deinde
648 1823 709 1855 ivit
730 1823 923 1855 Ariminum
948 1824 992 1855 ad
1016 1834 1137 1865 pacem
1161 1824 1379 1856 tractandam
1405 1831 1439 1856 et
1464 1824 1571 1856 nichil
1595 1824 1691 1861 fecit,
1722 1831 1756 1855 et
1786 1824 1910 1856 redivit
1941 1823 2144 1862 Ferrariam,
2169 1830 2204 1856 et

379 1875 438 1907 ivit
462 1876 629 1908 Venetias
652 1883 719 1908 etc.

465 1929 596 1960 Eodem
621 1929 812 1968 millesimo,
844 1930 898 1961 die
930 1939 1017 1961 xxvr
1049 1930 1174 1961 mensis
1204 1930 1410 1962 novembris.
1456 1929 1622 1962 Dominus
1652 1929 1934 1962 Aldrovandinus
1964 1930 2117 1962 marchio
2140 1935 2205 1962 etc.
2229 1930 2271 1961 30

378 1981 497 2013 habuit
521 1988 668 2013 castrum
693 1982 855 2019 Maderii,
879 1984 972 2025 quod
996 1983 1194 2024 possidebat
1217 1983 1376 2015 dominus
1401 1983 1505 2015 Canis
1529 1983 1572 2014 de
1598 1984 1630 2014 la
1654 1983 1757 2015 Scala
1780 1983 1824 2014 acl
1847 1983 2042 2015 instantiam
2074 1983 2204 2015 domini

379 2035 513 2066 Galassi
537 2036 580 2067 de
606 2034 766 2067 Medicis.
813 2036 913 2067 Tunc
939 2036 1098 2068 dominus
1122 2036 1280 2068 Marchio
1305 2037 1489 2068 destinavit
1512 2036 1556 2068 ad
1580 2037 1771 2068 custodiam
1787 2036 1876 2068 dicti
1894 2037 1997 2068 castri
2020 2037 2204 2078 quemdam

380 2098 477 2119 suum
501 2088 604 2119 fidum
629 2088 834 2120 familiarem
857 2089 994 2121 nomine
1019 2089 1194 2132 Paganum
1219 2090 1262 2121 de
1287 2089 1409 2121 Castro
1433 2089 1559 2121 Erano.

467 2140 598 2173 Eodem
623 2142 804 2173 millesimo
828 2149 862 2174 et
884 2153 1012 2174 mense.
1059 2143 1180 2174 Frater
1203 2142 1385 2174 Morialis⁵
1407 2143 1636 2180 theotonicus‚
1660 2143 1861 2184 capitaneus
1884 2153 2008 2185 magne
2032 2142 2207 2175 Sotietatis

381 2200 416 2225 et
438 2194 594 2226 inimicus
618 2195 747 2226 domini
772 2194 954 2227 Malateste
979 2195 1022 2226 de
1047 2194 1214 2233 Arimino,
1238 2196 1331 2227 venit
1355 2206 1457 2237 super
1481 2195 1671 2227 districtum
1695 2195 1781 2227 Fani
1805 2195 1934 2227 domini
1956 2195 2149 2233 Malateste‚
2175 2200 2208 2226 et
2230 2194 2270 2226 35

381 2247 516 2288 accepit
540 2248 638 2288 plura
663 2254 775 2279 castra
798 2248 883 2279 dicti
909 2247 1049 2285 domini,
1074 2254 1108 2280 et
1132 2248 1198 2280 alia
1221 2254 1344 2286 castra,
1368 2259 1434 2290 que
1458 2248 1617 2280 dominus
1647 2247 1831 2280 Malatesta
1861 2254 2047 2289 acceperat
2078 2247 2207 2280 Gentili

381 2301 424 2331 de
448 2300 625 2339 Molliano,
649 2301 693 2333 de
717 2300 840 2342 quibus
863 2301 983 2333 castris
1007 2301 1115 2333 frater
1138 2301 1294 2333 Morialis
1318 2312 1394 2333 cum
1411 2301 1479 2333 suis
1495 2301 1646 2333 habebat
1661 2301 1859 2333 victualiam
1884 2301 1929 2332 ad
1951 2301 2207 2338 sufficientiam,

384 2359 416 2384 et
440 2359 650 2394 acceperunt
674 2359 823 2385 castrum
847 2353 1020 2396 Pergule⁶
1045 2353 1220 2386 districtus
1245 2354 1341 2386 Fani.

470 2406 603 2437 Eodem
626 2405 805 2438 millesimo
829 2412 864 2438 et
887 2417 1013 2439 mense.
1044 2406 1309 2439 Ambaxiatores
1331 2407 1462 2439 domini
1485 2407 1739 2449 archiepiscopi
1761 2406 1952 2439 Mediolani
1975 2407 2110 2438 iverunt
2136 2406 2207 2438 Ve-

472 2524 495 2541 2.
516 2518 543 2541 in
562 2518 684 2549 margine
704 2518 734 2541 di
752 2519 784 2549 A,
805 2518 835 2542 di
852 2527 926 2542 mano
945 2519 991 2542 del
1008 2520 1091 2543 secolo
1112 2519 1181 2542 XV:
1207 2519 1293 2542 Arch.
1318 2518 1435 2543 Mediol.
1461 2518 1491 2542 fit
1518 2519 1542 2542 d.
1567 2518 1652 2543 Ianue
1672 2532 1704 2536 —
1727 2525 1767 2542 11.
1793 2518 2013 2550 magnaminiter
2032 2518 2057 2542 A
2070 2519 2095 2541 B
2113 2530 2143 2534 —
2167 2517 2207 2542 18.

384 2560 493 2583 tradere
511 2568 579 2583 corr.
599 2559 675 2584 Mure.
697 2573 727 2577 —
748 2567 788 2584 21.
808 2560 924 2585 Eodem.
936 2579 941 2584 .
954 2578 977 2585 ..
995 2567 1101 2585 CCCLIII
1121 2570 1169 2585 om.
1189 2562 1266 2586 MUR.
1287 2575 1318 2578 —
1333 2567 1375 2592 ²5·
1395 2562 1421 2585 in
1435 2561 1567 2593 margine,
1581 2562 1611 2585 di
1623 2569 1698 2585 mano
1711 2561 1756 2584 dei
1767 2561 1848 2584 secoli
1860 2560 2040 2584 XIV-XVin
2054 2560 2079 2583 A
2093 2559 2208 2584 Cararia

386 2615 417 2619 —
437 2608 480 2632 31.
498 2602 524 2625 in
544 2602 667 2633 margine
687 2602 716 2626 di
734 2604 808 2626 altra
827 2611 902 2627 mano
915 2604 961 2627 del
972 2611 1022 2627 sec.
1037 2604 1104 2627 XV:
1118 2603 1233 2627 Madero
1248 2617 1280 2621 —
1295 2610 1337 2634 33.
1350 2602 1454 2627 fiduum
1468 2604 1491 2627 A
1506 2616 1517 2621 -
1531 2603 1619 2627 famul
1636 2604 1674 2633 Β;
1689 2603 1824 2627 famulum
1838 2602 1916 2627 MUR.
1930 2615 1962 2619 —
1982 2609 2023 2633 39.
2044 2602 2155 2626 Eodem.
2165 2618 2173 2627 .
2184 2621 2191 2627 .
2202 2620 2208 2625 .

387 2650 480 2667 mense
498 2651 546 2667 om.
567 2644 644 2668 Mun.
664 2657 695 2660 —
717 2650 790 2676 39-p.
813 2651 858 2675 191
879 2645 897 2668 l.
921 2652 942 2669 1.
962 2644 1107 2676 venetias]
1127 2645 1225 2669 Venet.
1245 2646 1286 2675 Ας
1306 2644 1407 2669 Veneti
1430 2646 1541 2669 BMUR.

346 2746 358 2771 5
476 2739 483 2754 ¹
504 2741 542 2764 La
562 2741 695 2772 Signoria
709 2741 737 2765 di
752 2741 870 2765 Genova
884 2749 974 2766 venne
989 2744 1104 2766 assunta
1118 2742 1270 2766 dall’Arci-
1326 2749 1416 2766 reame
1436 2743 1501 2766 sino
1521 2742 1548 2765 al
1571 2748 1644 2773 1352,
1663 2743 1712 2774 poi
1734 2740 1816 2773 passo
1837 2741 1863 2765 al
1884 2741 2006 2765 servizio
2019 2740 2048 2764 di
2063 2740 2212 2764 Giordano

389 2790 511 2807 vescovo
532 2784 558 2806 di
581 2784 690 2807 Milano
710 2784 731 2807 il
755 2790 785 2807 10
803 2785 917 2808 ottobre
941 2791 1015 2817 1353.
1325 2783 1425 2808 Orsini
1444 2785 1581 2815 capitano
1601 2784 1646 2807 dei
1660 2783 1795 2807 Pontifici
1809 2784 1910 2807 contro
1925 2781 2073 2806 Giovanni
2088 2783 2117 2807 di
2132 2782 2213 2811 Vico,

476 2823 486 2839 ²
506 2825 640 2856 Legnago
661 2833 676 2849 a
695 2832 726 2856 42
747 2825 796 2849 kil.
817 2827 891 2849 eirca
911 2826 945 2849 da
966 2827 1087 2850 Verona.
1327 2827 1374 2858 poi
1396 2826 1425 2849 di
1446 2826 1640 2856 quest'ultimo
1660 2827 1759 2849 contro
1773 2825 1856 2848 Todi.
1893 2824 2052 2849 Costituita
2066 2832 2121 2848 una
2135 2831 2210 2847 com·
2243 2829 2271 2855 15

476 2865 487 2881 ³
507 2866 669 2890 Lendinara
689 2876 703 2891 a
724 2874 753 2891 21
776 2867 825 2891 kil.
846 2868 881 2891 da
901 2868 1022 2900 Rovigo.
1326 2868 1431 2900 pagnia
1451 2874 1599 2891 numerosa
1617 2874 1672 2891 con
1693 2868 1790 2898 questa
1810 2867 1834 2890 si
1854 2866 1933 2890 diede
1948 2875 1962 2890 a
1982 2866 2167 2898 taglieggiare
2186 2865 2213 2888 la

477 2906 486 2922 ⁴
506 2908 570 2932 Este
591 2916 604 2931 a
625 2916 658 2941 30
677 2909 726 2932 kil.
749 2909 781 2932 da
802 2909 926 2933 Padova.
1328 2910 1484 2941 Romagna,
1503 2910 1530 2933 la
1549 2909 1646 2933 Marea
1665 2916 1680 2933 e
1694 2909 1720 2932 la
1734 2909 1874 2933 Tuscana.
1907 2908 1950 2932 Fu
1964 2909 2038 2932 fatto
2052 2908 2212 2939 decapitare

332 2956 363 2973 10
477 2948 487 2964 5
512 2950 652 2974 Montreal
681 2950 839 2975 d'Albarno
868 2951 946 2975 detto
977 2953 1192 2975 comunemente
1220 2952 1273 2976 Fra
1327 2952 1349 2975 il
1370 2958 1402 2983 29
1423 2953 1521 2982 agosto
1545 2958 1610 2983 1354
1625 2951 1752 2974 d'ordine
1772 2951 1801 2974 dl
1815 2950 1886 2974 cola
1900 2951 1927 2974 di
1943 2950 2051 2973 Rienzo
2066 2950 2114 2973 che
2127 2949 2213 2973 l’ave-

391 2992 520 3018 Moriale.
540 2992 717 3023 provenzale,
737 2993 875 3016 cavaliere
896 2993 923 3016 di
945 2993 971 3017 S.
998 2993 1145 3017 Giovanni
1171 2993 1200 3016 (li
1221 2993 1274 3017 Ge·
1328 3001 1364 3017 va
1384 3001 1465 3024 preso
1485 3001 1500 3017 a
1520 2993 1701 3017 tradimento.

390 3034 565 3058 rusalemme.
601 3033 639 3057 Al
658 3034 740 3057 soldo
761 3035 788 3057 di
815 3034 900 3066 Luigi
928 3034 1100 3066 d'Ungheria
1127 3034 1202 3059 restc')
1229 3036 1272 3060 nel
1416 3034 1426 3050 ⁶
1445 3035 1565 3067 Pergola
1585 3043 1600 3059 a
1618 3035 1652 3065 64
1672 3035 1723 3059 kil.
1744 3035 1777 3058 da
1798 3035 1911 3059 Pesaro.
2240 3038 2274 3055 ²0
