2360 3603
742 226 1050 261 CHRONICON
1078 225 1307 261 ESTENSE

110 232 192 265 [ΑΛ.
215 234 406 266 1345-1346]

111 363 286 389 cesserunt
310 358 353 389 de
376 357 521 395 Mutina,
546 364 578 389 et
601 358 735 389 iverunt
759 363 904 389 castrum
928 357 1099 400 Yryberie
1117 357 1288 389 districtus
1304 356 1418 398 Regii,
1443 355 1556 397 ibique
1581 355 1851 386 hedificaverunt
1876 353 1934 384 ba-

110 409 232 441 stiliam
256 409 473 441 fortissimam
489 411 508 442 ¹.

197 461 328 492 Eodem
352 461 543 499 millesimo,
567 461 622 493 die
646 462 829 494 mercurii²
853 463 963 503 primo
988 461 1189 500 novembris,
1207 461 1241 492 in
1258 461 1420 502 vesperis.
1446 460 1601 491 Flumina
1618 470 1788 501 aquarum,
1805 458 1934 490 scilicet

110 513 234 551 Padus,
257 513 404 551 Tharns,
428 514 559 552 Parma,
583 514 721 553 Lencia,
740 514 847 545 Situla
864 521 897 545 et
921 514 986 544 alia
1009 519 1187 544 creverunt
1202 519 1344 554 propter
1361 513 1495 555 longam
1521 518 1553 543 et
1569 512 1747 543 maximam
1775 510 1933 552 pluviam,

69 566 86 598 5
111 566 224 597 taliter
247 567 339 607 quod
363 567 536 607 opportuit
561 573 678 608 gentes
702 567 827 598 domini
852 566 1072 604 MarchioniS‚
1097 576 1162 608 que
1180 572 1275 597 erant
1298 566 1331 597 in
1357 566 1507 597 exercitu
1531 565 1623 596 circa
1641 564 1854 606 Yryberiam,
1880 564 1932 593 fu-

110 629 203 661 gere,
227 617 341 659 ibique
366 618 568 650 dimiserunt
592 629 707 650 omnes
730 620 888 650 arnexios
912 619 1079 650 exercitus
1103 625 1135 649 et
1160 619 1265 649 solum
1291 624 1471 649 evaserunt
1494 628 1666 658 personas.
1713 617 1755 647 Et
1778 615 1934 647 similiter

110 671 236 702 accidit
259 671 301 702 de
324 672 476 702 exercitu
501 671 630 702 domini
654 671 799 703 Luchini
822 671 1054 709 Vicecomitis,
1072 671 1129 712 qui
1146 677 1242 702 erant
1258 671 1387 702 Fissam
1401 670 1411 686 ³
1436 670 1606 701 districtus
1621 669 1742 700 Parme
1758 668 1850 710 apud
1866 668 1933 699 Co-

110 724 271 760 lornium;
296 729 407 754 tamen
431 723 526 754 multi
549 724 718 755 subfocati
743 731 819 755 sunt
844 724 877 754 in
901 724 995 765 aquis
1019 730 1083 755 etc.

197 776 328 807 Eodem
352 776 528 807 millesimo
545 784 691 813 ccchxg
709 777 764 808 die
781 780 909 808 xx11110‘
932 776 1056 807 mensis
1073 776 1274 807 novembris.
1300 776 1464 807 Dominus
1480 775 1630 806 marchio
1648 775 1754 817 Obico
1773 785 1848 805 cum
1873 775 1934 805 do-

51 831 87 861 10
110 829 200 860 mino
223 829 381 871 Johanne
405 829 448 860 de
470 828 611 870 Pepuiis
634 836 847 861 recesserunt
870 830 913 861 de
938 829 1102 866 Ferraria,
1128 835 1161 860 et
1183 830 1403 860 adcesserunt
1419 829 1461 859 ad
1485 828 1665 869 hospitium
1689 827 1879 858 Adbaciam
1902 826 1932 856 in

113 881 271 912 comitatu
294 880 455 923 Rodigii;
481 881 548 912 alio
575 881 628 912 die
654 882 894 922 applicuerunt
916 881 1106 924 Lignagum
1120 881 1131 897 ⁴
1149 882 1192 912 ad
1209 881 1456 922 parlamentum
1481 891 1556 912 cum
1574 880 1710 911 domino
1727 880 1874 911 Mastino
1892 879 1934 909 de

113 933 144 964 la
167 933 286 969 Scala;
311 939 343 964 et
367 933 412 964 ibi
437 933 538 964 etiam
563 933 790 974 expectabant
821 934 992 965 dominum
1024 933 1188 975 Jacobum
1220 934 1261 964 de
1294 933 1442 971 Cararia,
1468 933 1525 974 qui
1555 943 1623 964 non
1654 932 1753 963 venit.
1800 931 1933 962 Deinde

113 986 268 1017 dominus
290 986 458 1023 Marchi0‚
483 986 638 1017 dominus
661 987 846 1028 johannes,
871 987 1025 1018 dominus
1048 987 1231 1018 Hostaxius
1262 987 1436 1018 redierunt
1467 986 1667 1022 Ferrariam,
1698 985 1755 1016 ubi
1779 983 1935 1016 dominus

110 1038 268 1069 Marchio
292 1038 474 1069 honoravit
499 1048 557 1069 eos
581 1044 646 1069 etc.

52 1090 88 1122 15
199 1091 330 1122 Eodem
353 1091 541 1128 millesimo,
566 1101 616 1122 vn
640 1090 842 1124 decembris.
866 1092 986 1134 Rigas,
1004 1092 1206 1124 Franciscus
1223 1098 1255 1123 et
1279 1092 1441 1123 Nicolaus
1465 1092 1598 1128 fratres,
1623 1091 1679 1122 filii
1705 1090 1783 1121 olim
1807 1089 1934 1121 domini

112 1144 281 1187 Niccolay
313 1144 356 1175 de
387 1144 507 1181 Lucio,
538 1144 755 1176 honorabiles
787 1145 879 1176 cives
911 1145 1053 1176 civitatis
1087 1145 1215 1182 padue,
1252 1151 1483 1176 tractaverunt
1513 1144 1674 1176 occidere
1705 1143 1870 1185 Jacobum
1901 1148 1935 1173 et

111 1196 312 1239 Jacobinum
336 1197 470 1233 fratres,
496 1197 650 1228 dominos
674 1197 821 1228 civitatis
851 1197 980 1234 Padue,
1006 1204 1039 1228 et
1062 1197 1148 1228 filios
1180 1197 1349 1238 quondam
1373 1196 1494 1228 nobilis
1517 1196 1629 1227 militis
1653 1195 1780 1226 domini
1806 1195 1933 1226 Nicco-

112 1250 169 1292 lay
193 1250 235 1280 de
259 1249 417 1281 Cararia:
443 1259 509 1290 que
533 1249 645 1280 omnia
668 1250 776 1281 relata
800 1256 875 1281 sunt
907 1250 971 1286 eis3
1001 1259 1105 1292 quare
1130 1250 1221 1291 capti
1244 1250 1383 1281 fuerunt
1414 1249 1561 1290 predicti
1593 1248 1703 1290 Rigus
1726 1254 1759 1279 et
1790 1247 1933 1278 Franci-

112 1311 189 1332 scus
213 1311 289 1332 cum
313 1300 425 1332 multis
449 1301 532 1337 aliis,
558 1307 700 1342 excepto
726 1301 906 1339 Niccolao‚
931 1302 989 1343 qui
1011 1311 1080 1332 non
1104 1301 1169 1332 fuit
1199 1308 1354 1342 repertus
1385 1301 1420 1331 in
1446 1300 1591 1337 civitate,
1621 1306 1654 1331 et
1678 1300 1935 1342 flagellaverunt

114 1354 344 1391 Franciscum‚
368 1353 426 1395 qui
449 1354 513 1384 fuit
538 1354 715 1385 confessus
738 1355 916 1385 veritatem
940 1355 986 1385 ita
1010 1365 1093 1391 esse,
1118 1355 1197 1396 quia
1221 1364 1289 1385 non
1321 1360 1417 1385 erant
1449 1353 1597 1384 contenti
1621 1352 1664 1384 de
1689 1362 1804 1383 eorum
1827 1352 1934 1383 domi-

112 1407 262 1445 natione,
297 1406 456 1448 quoniam
488 1406 567 1448 ipsis
598 1417 667 1437 non
697 1407 890 1447 pertinebat
921 1407 1085 1438 dominari
1114 1413 1164 1439 tot
1196 1412 1229 1438 et
1259 1406 1383 1438 talibus
1414 1406 1614 1437 hominibus.
1660 1406 1759 1437 Tunc
1790 1405 1936 1446 predicti

114 1459 242 1492 domini
265 1459 414 1502 Jacobus
438 1465 472 1490 et
490 1459 685 1501 Jacobinus,
703 1460 760 1490 die
778 1460 934 1491 mercurii
952 1470 1032 1491 xnn
1050 1460 1250 1497 decembris,
1268 1466 1344 1501 post
1366 1470 1499 1496 nonam,
1516 1469 1619 1500 super
1635 1458 1794 1500 palatium
1818 1457 1936 1489 Padue

114 1512 304 1554 decapitari
326 1513 485 1544 fecerunt
508 1513 683 1554 predictos
707 1512 834 1555 Rigum
863 1519 895 1544 et
925 1513 1143 1545 Franciscum
1167 1513 1299 1550 fratres,
1325 1518 1358 1543 et
1381 1522 1504 1543 novem
1527 1512 1611 1543 aiios
1634 1521 1797 1553 sequaces
1821 1521 1936 1542 eorum

113 1565 275 1606 suspendi
297 1565 343 1597 ad
366 1565 481 1596 furcas
505 1571 539 1596 et
563 1565 685 1596 multos
708 1565 793 1596 aiios
817 1565 958 1596 mactari
981 1565 1139 1597 fecerunt
1162 1576 1239 1596 cum
1262 1564 1436 1596 securibus
1459 1570 1525 1596 etc.

201 1618 334 1649 Eodem
357 1617 534 1648 millesimo
559 1624 592 1649 et
615 1618 650 1648 in
676 1618 740 1648 hiis
772 1618 900 1649 diebus.
928 1618 1063 1649 Domini
1088 1619 1228 1649 Mantue
1252 1618 1296 1649 de
1328 1618 1493 1660 Goneaga
1516 1617 1560 1648 ad
1590 1617 1785 1648 instantiam
1809 1617 1935 1648 domini

113 1671 262 1702 Luchini
286 1670 508 1703 Vicecomitis
533 1671 728 1702 direxerunt
751 1671 935 1702 exercitum
960 1671 1052 1702 circa
1077 1677 1222 1702 castrum
1241 1670 1449 1702 Gualterium
1464 1674 1484 1707 ⁵,
1503 1671 1594 1712 quod
1609 1669 1805 1711 possidebat
1828 1670 1935 1701 domi-

114 1735 176 1755 nus
199 1724 350 1755 marchio
374 1723 483 1766 Obico
509 1730 586 1761 etc„
611 1723 726 1766 ibique
753 1730 1013 1755 construxerunt
1043 1724 1222 1755 maximam
1253 1723 1419 1755 bastiliam
1444 1729 1493 1754 tot
1517 1728 1550 1754 et
1581 1723 1701 1761 taliter,
1725 1723 1816 1764 quod
1847 1722 1936 1753 infra

115 1783 243 1808 certum
268 1783 400 1818 tempus
424 1782 544 1818 gentes
567 1776 746 1807 existentes
769 1773 822 1808 ad¹
837 1776 1027 1808 custodiam
1052 1776 1136 1808 dicti
1161 1776 1260 1807 castri
1284 1775 1494 1807 tradiderunt
1518 1785 1594 1806 eum
1618 1775 1754 1806 domino
1777 1775 1934 1807 Luchino

113 1829 271 1871 predicto
297 1835 362 1860 etc.

48 1354 89 1385 20

49 1617 89 1648 25

50 1956 92 1987 30
895 1956 1152 1989 MCCCXLVI.

201 2050 264 2081 Die
289 2051 397 2081 xxm⁰
419 2050 592 2082 februarii.
617 2051 791 2092 Johannes
814 2050 900 2081 filius
924 2051 1096 2091 quondam
1113 2050 1234 2082 nobilis
1251 2050 1313 2081 viri
1332 2049 1497 2092 Niccolay
1514 2050 1556 2080 de
1575 2049 1697 2087 Fredo,
1716 2048 1853 2079 rebellis
1876 2049 1935 2079 do-

114 2103 194 2133 mini
217 2103 421 2135 marchionis
444 2103 609 2145 Obiconis
633 2103 782 2139 estensis,
806 2103 945 2134 recessit
968 2103 1093 2134 furtive
1118 2103 1160 2134 de
1184 2109 1283 2134 nocte
1316 2103 1359 2134 de
1391 2102 1525 2134 civitate
1553 2102 1656 2144 Regii
1680 2112 1755 2133 cum
1780 2102 1873 2133 circa
1895 2111 1937 2132 cc

116 2155 327 2197 equestribus
351 2162 384 2187 et
408 2156 588 2197 peditibuS‚
616 2157 819 2187 transierunt
846 2156 987 2187 Situlam
1015 2161 1049 2186 et
1073 2155 1284 2196 aplicuerunt
1309 2161 1454 2187 castrum
1485 2155 1631 2197 Gorcani
1663 2154 1835 2186 districtus
1859 2153 1935 2185 Mu·-

115 2209 201 2245 tine3
220 2215 253 2240 et
269 2209 312 2240 de
329 2209 526 2251 volunptate
543 2210 649 2252 Righi
668 2210 710 2240 de
729 2210 898 2251 Gorcano,
916 2209 1015 2240 etiam
1032 2209 1169 2240 rebellis
1185 2209 1313 2240 domini
1329 2208 1550 2245 Marchionis‚
1567 2208 1776 2239 intraverunt
1792 2214 1937 2239 castrum

115 2267 148 2292 et
170 2260 419 2294 rebellaverunt
443 2272 518 2293 eum
543 2262 680 2293 domino
704 2262 896 2293 Marchioni
920 2261 1085 2303 predicto,
1110 2261 1344 2303 facientesque
1367 2261 1502 2302 prefato
1528 2261 1666 2292 domino
1690 2271 1845 2303 guerram
1869 2271 1938 2291 ma-

114 2314 238 2345 ximam
263 2321 327 2346 etc.
341 2314 362 2346 ⁶.

202 2367 335 2398 Eodem
359 2368 550 2406 millesimo,
575 2368 630 2399 die
647 2368 762 2399 martis
784 2367 1005 2409 Carnisprivii
1018 2366 1039 2398 ⁷.
1064 2367 1240 2409 Expiravit
1264 2372 1396 2408 tempus
1420 2373 1561 2408 treugae
1585 2376 1651 2407 que
1676 2372 1748 2397 erat
1768 2366 1853 2397 inter
1877 2366 1938 2398 do-

51 2260 90 2292 :35

204 2486 228 2506 4.
247 2478 358 2509 longam
378 2480 405 2502 et
423 2480 570 2503 maximam
590 2480 619 2501 in
638 2479 661 2502 A
681 2480 794 2502 rica-vato
813 2487 843 2501 su
862 2479 961 2510 longas
981 2480 1006 2501 et
1026 2478 1159 2502 maximas
1179 2491 1189 2495 -
1212 2477 1370 2507 maximam]
1386 2485 1514 2508 magnam
1533 2477 1643 2501 BMua.
1664 2490 1693 2493 —
1709 2475 1732 2500 6.
1746 2484 1878 2508 personas
1896 2477 1937 2502 A:

117 2526 180 2551 pars
199 2520 310 2543 BMun.
331 2533 362 2536 —
383 2520 436 2550 7⁴8.
456 2521 527 2553 apud
549 2521 712 2544 Color-nium
732 2527 789 2551 agg.
810 2520 1014 2543 sull'interlineo
1034 2520 1062 2542 in
1081 2520 1104 2542 A
1124 2520 1192 2542 dallo
1211 2520 1392 2549 stessacopista
1407 2532 1436 2535 —-
1452 2526 1476 2550 9.
1491 2519 1611 2542 Eodem.
1679 2525 1786 2542 CCCLXV
1799 2526 1845 2541 om.
1860 2518 1938 2542 Mun.

117 2574 148 2577 —
170 2567 212 2591 25.
230 2561 334 2585 Eodem
347 2578 371 2585 ..
383 2579 407 2586 ..
425 2563 453 2585 et
472 2562 501 2585 in
521 2570 568 2585 om.
588 2562 664 2586 Mun.
684 2575 694 2580 -
713 2562 770 2585 hiis
790 2562 866 2586 Mun.
886 2575 918 2578 —
939 2568 982 2591 27.
999 2562 1043 2585 tot
1061 2563 1088 2585 et
1106 2569 1152 2584 om.
1174 2561 1250 2585 Mun.
1272 2575 1303 2578 -—
1323 2567 1364 2592 35.
1384 2561 1445 2591 dopo
1459 2560 1585 2593 predicto
1598 2562 1626 2583 in
1640 2561 1662 2583 Α
1677 2562 1727 2583 etc.
1740 2560 1879 2583 cancellato
1892 2567 1936 2583 con

117 2610 154 2626 un
173 2603 231 2634 rzgro
251 2615 261 2620 -
281 2602 414 2627 facientes
433 2604 511 2628 Mun.

58 2904 88 2921 10

202 2688 209 2704 ¹
230 2691 283 2714 Per
302 2689 434 2715 l’assedio
455 2691 483 2715 di
504 2691 626 2715 Rubiera
646 2692 738 2715 vedasi
759 2691 777 2715 il
795 2691 886 2715 Chron.
900 2691 999 2716 Mutin.

114 2732 144 2755 in
166 2731 228 2755 ΗΕ.
249 2731 283 2755 II.
304 2732 363 2762 SS,
383 2733 443 2761 XV,
463 2741 507 2765 pp.
533 2739 627 2763 129-30
647 2734 752 2763 (nuova
770 2732 859 2762 edim).

202 2772 212 2788 ‘²
232 2773 254 2797 11
275 2774 366 2804 primo
388 2776 535 2799 novembre
558 2782 621 2806 1345
641 2775 724 2799 cadde
745 2775 772 2798 in
794 2773 919 2798 martedi.

201 2812 211 2828 ³
232 2815 335 2844 Fiesso,
356 2816 490 2848 villaggio
509 2824 525 2840 a
548 2816 578 2841 16
598 2817 645 2840 kil.
664 2817 735 2841 N-E.
755 2816 789 2840 da
809 2817 917 2840 Parma.

202 2855 214 2870 4
234 2856 365 2888 Legnago
386 2864 402 2880 a
422 2864 454 2888 42
474 2858 522 2881 kil.
543 2859 576 2881 da
597 2858 716 2882 Verona.

200 2895 211 2911 ⁵
230 2898 368 2922 Gualtieri
382 2906 397 2922 a
412 2898 444 2922 26
465 2899 510 2922 kil.
527 2899 560 2924 da
579 2900 685 2931 Reggio
699 2907 713 2922 e
726 2907 742 2923 a
756 2906 787 2929 35
809 2899 843 2922 da
857 2899 1000 2923 Mantova.

115 2939 160 2964 Cf.
180 2946 228 2971 per
249 2940 353 2963 notizie
372 2941 561 2969 Tmanoscm,
580 2941 732 2964 Dist'onario
745 2948 804 2967 ecc„
823 2941 881 2969 cit„
901 2941 922 2970 Ι,
941 2940 1001 2970 363.

202 2979 212 2995 θ
232 2981 327 3005 Scrive
346 2982 364 3005 il
383 2983 505 3006 cronista
524 2982 559 3006 da
579 2984 696 3006 Mor-ano
724 2982 814 3013 (Cr-on.
835 2983 916 3012 Jlod„
936 2982 965 3005 in
985 2983 1001 3005 l.

1051 2699 1085 2720 c..
1104 2699 1131 2722 p.
1154 2690 1229 2722 249):
1250 2692 1262 2704 “
1274 2691 1327 2714 Die
1348 2696 1438 2714 xxnn
1452 2690 1582 2714 februarii
1596 2691 1729 2714 Henricus
1742 2691 1769 2714 et
1783 2690 1938 2721 Hengrame

1053 2733 1108 2756 “de
1135 2733 1265 2757 Gorzano
1291 2733 1495 2756 reueliauerunt
1521 2733 1643 2755 castrum
1670 2731 1791 2755 Gorzani
1821 2732 1936 2755 domino

1053 2777 1064 2788 ¹⁴
1078 2775 1237 2798 Mai-ebioni
1252 2777 1278 2798 et
1300 2776 1360 2806 ipso
1374 2778 1464 2798 rastro
1479 2774 1643 2804 receperunt
1657 2773 1789 2797 Ioannem
1804 2773 1836 2797 de
1850 2772 1937 2796 Fredo

1055 2817 1142 2841 “cum
1167 2817 1293 2847 gentibus
1320 2817 1497 2840 dominorum
1523 2815 1555 2839 de
1581 2815 1747 2846 Gonzaga„.
1790 2814 1851 2839 Con
1877 2822 1937 2838 esso

1054 2857 1192 2881 s'accorda
1219 2857 1238 2880 il
1264 2857 1298 2880 da
1325 2857 1449 2880 Bazzano
1476 2856 1565 2886 (Gran.
1587 2857 1665 2883 Mat„
1686 2856 1713 2878 in
1733 2856 1749 2879 1.
1769 2864 1801 2885 α,
1820 2864 1848 2886 p.
1870 2854 1937 2885 130),

1054 2900 1073 2922 il
1092 2899 1173 2930 quale
1193 2899 1333 2929 aggiunge
1354 2899 1534 2921 esattamente
1555 2898 1581 2920 Ia
1602 2899 1667 2920 nota
1687 2897 1869 2928 cronologica
1895 2896 1937 2919 de]

1054 2941 1157 2971 giorno
1177 2939 1249 2963 della
1267 2940 1416 2963 settimana
1435 2939 1486 2962 che
1505 2939 1590 2962 cedde
1610 2939 1636 2961 in
1659 2937 1781 2962 venei-di.

1142 2980 1151 2995 7
1174 2981 1205 3005 28
1223 2981 1358 3004 fehbraio.

1968 2778 1997 2802 15

1968 2985 2000 3002 20

2008 788 2027 801 ιζ.
2044 787 2096 805 ιογγ
