2360 3603
211 1208 230 1223 c,
246 1208 283 1225 IN
293 1208 305 1220 v

193 2210 268 2234 Mun..
283 2210 320 2232 46⁶

400 271 467 308 178
1019 270 1328 304 CHRONICON
1357 268 1586 303 ESTENSE
2044 274 2094 309 [A.
2116 276 2208 308 1352]

393 402 519 438 latium,
544 407 577 432 et
601 402 681 441 poni
706 401 791 432 fecit
814 401 858 431 ad
881 406 1057 438 torturam,
1081 400 1139 441 qui
1163 400 1313 430 confessi
1338 400 1488 436 fuerunt,
1513 400 1605 441 quod
1628 400 1693 431 hoc
1718 405 1792 430 erat
1817 410 1859 430 ex
1882 401 2029 442 quodam
2059 405 2206 432 tractatu

390 453 516 485 domini
541 454 704 495 Johannis
732 454 773 484 de
805 453 956 494 Pepulis,
989 463 1088 494 quem
1120 452 1267 484 habebat
1299 463 1375 483 cum
1407 452 1542 483 comuni
1574 452 1862 488 Florentinorum,
1894 463 1995 495 quem
2028 458 2206 484 tractatum

391 506 520 537 sciebat
544 506 702 536 Andreas
733 507 775 537 de
807 506 961 542 Checho‚
993 505 1114 536 Petrus
1145 504 1339 541 Amaboris,
1370 505 1599 546 Bertignanus
1629 515 1648 535 a
1679 504 1846 547 Caveciis‚
1879 505 1936 546 qui
1967 516 2085 536 omnes
2115 505 2208 545 capti

390 561 537 595 fuerunt,
563 564 595 589 et
619 558 788 599 flagellati,
812 564 846 589 et
869 559 959 588 idem
984 557 1134 589 confessi
1166 558 1313 588 fuerunt.
1361 557 1585 598 Quapropter
1615 563 1736 598 captus
1769 557 1835 588 fuit
1869 557 2026 589 dominus
2056 558 2208 599 Jacobus

392 612 434 642 de
458 611 596 652 Pepulis
620 618 654 642 et
679 617 884 642 carceratus.
931 610 1067 641 Deinde
1090 610 1126 642 in
1150 610 1270 641 Castro
1294 611 1403 641 sancti
1428 610 1594 651 johannis
1617 610 1834 641 Persecetam
1859 616 1980 651 captus
2003 610 2068 642 fuit
2098 610 2209 652 Obico

389 665 475 695 filius
498 664 582 695 dicti
607 664 737 695 domini
760 664 890 702 Iacobi,
914 670 947 694 et
973 663 1163 695 conductus
1188 663 1377 694 Bononiam
1402 663 1437 693 in
1462 663 1618 695 manibus
1634 663 1753 694 vicarii
1778 664 1907 694 domini
1931 662 2208 704 Archiepiscopi,

390 725 423 748 et
447 717 603 748 homines
627 718 711 748 dicti
735 718 837 748 castri
861 722 1093 758 portaverunt,
1118 722 1151 746 et
1175 722 1458 757 presentaverunt
1481 722 1565 746 tunc
1589 716 1704 747 claves
1727 715 1811 747 dicti
1843 716 1944 747 castri
1976 716 2116 748 domino
2147 716 2209 747 Vi-

388 771 491 806 cario,
516 777 549 801 et
574 770 730 801 similiter
754 771 950 801 detulerunt
975 770 1091 800 claves
1114 768 1173 799 alii
1190 775 1377 800 castrorum
1396 769 1571 800 districtus
1586 769 1750 806 Bononie‚
1766 768 1899 800 scilicet
1917 769 2044 801 Sancte
2061 768 2210 811 Agathe,

389 822 622 854 Crevalcorii¹
648 829 713 854 etc.
759 823 858 854 Tunc
884 823 1039 853 dominus
1062 822 1236 863 Johannes
1267 822 1310 852 de
1343 820 1494 862 Pepulis,
1524 821 1582 862 qui
1613 827 1685 853 erat
1715 821 1751 852 in
1782 827 1874 852 terra
1904 821 2111 858 Nonantule‚
2142 821 2208 853 hoc

386 876 549 913 sentiens,
573 876 664 906 stetit
688 875 735 906 ibi
754 875 909 916 pluribus
927 875 1058 906 diebus.
1097 875 1262 905 Dominus
1277 874 1453 916 Johannes
1470 873 1676 905 Vicecomes
1694 881 1727 905 et
1743 874 1892 905 vicarius
1909 873 2065 906 Bononie
2081 874 2209 915 pluries

388 928 556 970 flagellari
582 928 667 959 tecit
692 928 865 959 dominum
889 928 1057 970 jacobum
1082 928 1125 958 de
1150 927 1286 968 Pepulis
1311 927 1403 958 dicta
1427 927 1469 957 de
1493 937 1607 958 causa.
1653 927 1753 958 Tunc
1779 927 1935 958 dominus
1959 927 2134 968 johannes
2164 927 2208 958 de

389 980 526 1021 Pepulis
549 982 721 1023 ingressus
746 987 796 1012 est
825 980 1060 1012 Mediolanum
1093 981 1136 1012 ad
1170 981 1344 1012 dominum
1375 979 1698 1021 Archiepiscopum,
1731 989 1948 1021 conquerens
1980 980 2022 1011 de
2054 980 2113 1018 eis,
2143 991 2209 1022 que

388 1041 508 1065 contra
531 1034 672 1065 fratrem
697 1045 792 1064 suum
818 1034 991 1065 dominum
1016 1033 1183 1075 Jacobum
1208 1033 1358 1064 faciebat
1380 1032 1529 1064 vicarius
1553 1033 1635 1069 eius,
1660 1032 1718 1074 qui
1742 1031 1902 1063 dominus
1925 1033 2103 1074 Johannes
2133 1043 2202 1064 non

386 1087 475 1117 illari
500 1086 594 1118 vultu
618 1087 683 1118 fuit
706 1093 865 1127 receptus
889 1099 908 1117 a
933 1087 1071 1118 domino
1095 1086 1384 1127 Archiepiscopo‚
1407 1091 1440 1117 et
1462 1085 1537 1117 aliis
1560 1085 1640 1122 suis,
1665 1091 1698 1116 et
1720 1085 1748 1116 si
1771 1085 1878 1116 voluit
1901 1095 2000 1126 posse
2024 1085 2150 1116 morari
2173 1085 2206 1116 in

386 1139 596 1177 Mediolano,
621 1140 728 1180 ipsum
754 1140 904 1181 oportuit
928 1139 1072 1170 mictere
1096 1149 1157 1180 per
1181 1139 1286 1169 filium
1309 1150 1404 1170 suum
1430 1139 1487 1180 qui
1511 1138 1738 1179 personaliter
1768 1138 1898 1170 ibidem
1924 1138 2026 1170 venit.
2073 1138 2206 1170 Deinde

390 1192 588 1224 destinavit'
614 1193 750 1223 lieteras
774 1192 905 1224 civibus
930 1199 962 1224 et
986 1191 1181 1223 offitialibus
1205 1191 1416 1229 Nonantule‚
1441 1192 1534 1234 quod
1560 1192 1642 1223 dare
1666 1191 1833 1223 deberent
1856 1191 1986 1223 dictam
2009 1197 2135 1223 terram
2158 1191 2209 1222 vi-

388 1245 479 1277 cario
503 1245 631 1277 domini
656 1245 931 1286 Archiepiscopi,
956 1251 990 1276 et
1013 1246 1062 1276 sic
1087 1246 1256 1282 fecerunt,
1287 1252 1319 1276 et
1349 1245 1404 1276 die
1435 1245 1523 1288 jovis
1554 1245 1652 1275 X1111⁰
1682 1244 1756 1276 iulii
1786 1245 1945 1276 fulcitum
1970 1244 2036 1276 fuit
2060 1250 2207 1276 castrum

388 1298 516 1329 dictum
542 1298 677 1329 nomine
702 1298 830 1330 domini
854 1298 1122 1339 Archiepiscopi
1147 1304 1213 1329 etc.

473 1351 607 1383 Eodem
630 1351 807 1382 millesimo
833 1358 866 1382 et
892 1361 1007 1382 mense
1029 1351 1124 1393 junii.
1169 1351 1255 1382 Cum
1281 1350 1324 1382 de
1347 1356 1456 1382 morte
1481 1350 1646 1382 antedicti
1672 1350 1801 1382 domini
1825 1350 1963 1382 Mastini
1988 1360 2076 1382 nova
2099 1351 2209 1382 relata

387 1405 532 1436 fuissent
554 1404 677 1435 illustri
701 1410 733 1435 et
755 1405 937 1446 magnifico
963 1404 1100 1436 domino
1125 1404 1264 1436 domino
1282 1404 1459 1435 Ludovico
1475 1404 1548 1446 regi
1565 1403 1729 1445 Ungarie,
1747 1403 1804 1445 qui
1822 1403 2024 1436 mirabiliter
2040 1403 2208 1445 diligebat

385 1458 505 1498 ipsum,
530 1457 678 1498 quodam
702 1468 799 1488 mane
825 1467 860 1488 se
885 1467 961 1487 cum
979 1456 1152 1498 aliquibus
1169 1457 1212 1487 de
1229 1457 1299 1487 suis
1315 1457 1499 1488 induerunt
1515 1467 1647 1498 pannos
1662 1456 1791 1499 nigrOS,
1808 1463 1840 1488 et
1857 1456 2046 1498 solepniter
2061 1456 2208 1488 officium

387 1509 533 1541 ecclesie
558 1517 591 1541 et
615 1511 790 1541 missarum
815 1511 937 1541 eodem
962 1520 1060 1541 mane
1085 1509 1256 1540 ordinavit
1279 1510 1314 1540 in
1338 1509 1486 1540 ecclesia
1511 1509 1642 1547 maiori,
1667 1510 1755 1540 sicut
1772 1519 1897 1551 corpus
1914 1510 2072 1541 defuncti
2090 1510 2211 1541 fuisset

386 1573 538 1603 presens,
561 1570 595 1594 et
619 1564 682 1594 hiis
705 1564 819 1600 factis,
844 1564 929 1594 dixit
954 1564 1116 1594 adversus
1140 1573 1218 1593 suos
1250 1563 1512 1594 commilitones:
1537 1573 1600 1593 non
1624 1563 1850 1603 admiremini,
1875 1562 2054 1601 karissimi,
2071 1563 2111 1593 de
2134 1563 2209 1603 hiis,

386 1627 448 1657 que:
471 1616 635 1658 lierifcci
657 1616 690 1646 in
715 1616 870 1647 honorem
894 1616 1022 1647 domiui
1049 1616 1196 1646 filas-tini
1218 1616 1377 1653 defuncti,
1402 1616 1555 1657 quoniam
1586 1616 1730 1646 omnium
1761 1615 1903 1646 aliorum
1935 1616 2117 1647 amicorum
2148 1618 2209 1647 iste

385 1670 517 1710 primus
540 1674 615 1700 erat
636 1670 670 1699 in
693 1670 926 1712 aaetzplijz'cando
949 1669 1104 1700 honorem
1127 1673 1275 1699 nostrum
1301 1673 1359 1700 etc.
1406 1669 1493 1700 Cum
1517 1668 1718 1699 Placentina
1740 1669 1864 1699 iniuria
1887 1668 2038 1699 vindicte
2063 1674 2096 1700 et
2118 1669 2207 1700 mala

384 1722 595 1763 volunptate,
621 1723 766 1763 prelium
791 1723 922 1754 initium
945 1722 1118 1754 habuisset
1142 1722 1175 1752 in
1200 1722 1339 1753 civitate
1364 1721 1462 1752 Tane
1492 1721 1622 1753 domini
1655 1722 1759 1753 Canis
1791 1722 1940 1753 Grandis
1969 1721 2207 1759 Tartarorum,

385 1781 541 1815 preterea
565 1775 645 1806 inde
670 1776 712 1806 de
737 1776 827 1807 bello
852 1775 1038 1806 Ianuenses
1062 1781 1095 1805 et
1119 1785 1235 1805 eorum
1261 1774 1362 1805 amici
1387 1785 1454 1804 una
1479 1784 1554 1805 cum
1586 1774 1730 1805 Venetis
1761 1774 1878 1817 fugam
1902 1774 2143 1816 adripuissent,
2174 1779 2208 1806 et

385 1828 519 1858 Caffam
545 1828 775 1869 aplicuissent‚
800 1834 833 1860 et
864 1828 923 1860 tali
954 1828 1140 1859 concordia
1170 1827 1307 1858 insimul
1337 1828 1493 1864 fuissent,
1525 1833 1706 1869 postquam
1738 1827 1864 1868 prefati
1898 1827 2034 1858 Domini
2065 1827 2207 1869 relegati

386 1887 483 1912 erant
507 1882 599 1922 quod
624 1882 688 1922 ipsi
712 1888 745 1913 et
770 1881 915 1923 quilibet
939 1892 1055 1912 eorum
1077 1887 1248 1922 tamquam
1274 1882 1398 1912 fratres
1422 1887 1455 1912 et
1479 1880 1585 1911 intimi
1609 1880 1713 1911 amici
1731 1880 1764 1912 in
1779 1880 1981 1922 prelibatam
1998 1881 2131 1912 Caffam
2149 1880 2208 1911 de-

384 1933 504 1965 berent
527 1935 730 1971 saucionari‚
754 1935 891 1965 tandem
917 1934 1045 1965 Veneti
1067 1940 1240 1975 tamquam
1264 1934 1379 1965 viriles
1402 1933 1530 1965 domini
1553 1944 1629 1964 cum
1660 1933 1798 1965 domino
1829 1933 1922 1965 Cane
1955 1933 2093 1965 Grande
2124 1943 2206 1964 con-

386 1987 537 2018 cordiam
560 1993 803 2024 tractaverunt,
828 1994 861 2018 et
885 1987 920 2017 in
944 1987 1044 2018 terris
1060 1987 1126 2018 suis
1143 1987 1334 2018 saucionari
1354 1993 1530 2028 ceperunt,
1547 1987 1640 2018 unde
1658 1986 1857 2028 prescriptis
1873 1987 1953 2018 visis
1969 1986 2206 2028 Januensibus,

386 2047 554 2082 tamquam
580 2040 695 2071 viriles
718 2047 926 2083 arrogantes,
950 2041 1038 2071 livor
1062 2040 1095 2071 in
1119 2051 1179 2072 eos
1203 2040 1296 2072 illico
1320 2040 1479 2078 adcessit,
1503 2045 1538 2071 et
1562 2045 1728 2081 ceperunt
1750 2040 1785 2070 in
1809 2049 1868 2071 eos
1891 2050 2057 2081 pugnare,
2081 2050 2123 2070 ne
2147 2050 2208 2070 na-

385 2094 540 2135 vigarent
565 2094 728 2126 classibus
751 2094 821 2124 suis
845 2105 907 2134 per
930 2104 1021 2125 mare
1048 2094 1224 2136 Magnum.
1271 2093 1399 2125 Veneti
1422 2099 1592 2135 tamquam
1623 2093 1748 2133 viriles,
1780 2099 1814 2124 et
1844 2093 2039 2124 intimentes
2068 2092 2205 2124 nemine

386 2153 620 2182 cessaverunt;
646 2148 749 2178 multa
773 2153 886 2177 autem
910 2146 1014 2177 verba
1039 2146 1177 2178 insimul
1200 2146 1360 2178 iniuriosa
1384 2146 1592 2181 habuerunt;
1617 2152 1731 2177 tamen
1753 2145 1788 2176 in
1812 2146 1986 2176 dominum
2018 2145 2145 2186 Papam
2169 2155 2204 2176 se

384 2201 651 2231 commisserunt.
697 2199 892 2241 Apostolici
916 2199 1104 2237 auditores,
1128 2198 1258 2230 audita'
1284 2199 1519 2240 propositione
1544 2198 1701 2239 partium,
1726 2197 1973 2229 sententialiter
1995 2198 2206 2236 rediderunt,

385 2253 476 2294 quod
500 2253 606 2283 maria
629 2258 663 2283 et
687 2253 866 2294 campanie
893 2259 990 2284 erant
1014 2253 1184 2284 comunia:
1216 2253 1307 2284 unde
1339 2263 1380 2283 ex
1411 2258 1507 2293 parte
1531 2251 1754 2293 Januensium
1786 2251 1890 2282 multe
1920 2250 2095 2282 discordie
2126 2256 2204 2282 nate

382 2306 531 2338 fuerunt.
577 2305 737 2337 Attamen
762 2306 805 2337 de
836 2305 1014 2337 millesimo
1044 2304 1171 2341 ccc⁰L⁰‚
1203 2304 1328 2336 Veneti
1359 2311 1530 2347 tamquam
1562 2304 1719 2336 homines
1749 2305 1845 2345 pacis
1876 2305 1919 2336 de
1950 2314 2064 2335 mense
2095 2303 2205 2335 martii

385 2365 552 2399 ceperunt
575 2359 736 2400 navigare
762 2368 839 2389 cum
868 2358 974 2390 tribus
1005 2359 1148 2390 navibus
1179 2358 1222 2389 ad
1253 2358 1422 2399 prefatam
1453 2357 1629 2389 civitatem
1661 2357 1770 2389 Tane.
1815 2357 2005 2399 Januenses
2032 2363 2204 2399 tamquam

382 2412 483 2452 pirati
505 2412 607 2442 maris
631 2412 679 2442 eis
701 2411 841 2442 insidias
864 2418 1051 2453 posuerunt
1074 2412 1167 2442 iuxta
1191 2411 1324 2443 Caffam
1355 2411 1389 2441 in
1422 2411 1573 2454 introytu
1605 2411 1672 2442 oris
1703 2410 1867 2453 Algorey,
1897 2410 1992 2452 quod
2022 2409 2089 2441 fuit
2119 2409 2204 2441 taia-

382 2471 543 2501 mentum,
567 2465 660 2506 quod
685 2464 822 2496 ducitur
845 2475 938 2495 mare
962 2465 996 2494 in
1021 2464 1176 2505 partibus
1206 2464 1292 2502 istis,
1323 2469 1355 2495 et
1386 2463 1479 2505 ipsas
1509 2474 1612 2495 naves
1642 2463 1711 2494 vini
1742 2468 1938 2504 rapuerunt,
1970 2467 2004 2494 et
2035 2462 2071 2492 in
2103 2462 2204 2494 Caffa

382 2516 568 2553 duxerunt3
594 2518 685 2548 unde
709 2516 837 2549 Veneti
862 2523 1034 2559 tamquam
1060 2517 1174 2548 viriles
1198 2527 1275 2548 cum
1299 2526 1360 2548 suo
1385 2517 1540 2548 exercitu
1562 2516 1597 2547 in
1614 2515 1842 2558 Januensibus
1866 2514 2020 2556 partibus
2036 2515 2201 2558 navigare

467 2652 492 2676 3.
512 2645 645 2669 Amabois
665 2646 704 2674 A;
724 2646 858 2670 Amabois
879 2648 916 2675 Β;
939 2647 1074 2670 Amabois
1093 2646 1170 2670 Mun.
1191 2660 1222 2663 —
1244 2652 1267 2677 7.
1286 2648 1312 2670 et
1333 2647 1566 2677 presentaverunt
1586 2647 1652 2668 tunc
1667 2653 1733 2676 agg.
1747 2645 1827 2676 forse
1842 2645 1969 2675 dz'primn
1985 2652 2060 2668 mano
2073 2644 2100 2667 in
2113 2647 2202 2668 carat-

384 2691 439 2710 tere
459 2688 556 2711 miuuto
575 2688 618 2710 sul
634 2688 696 2719 rigo
716 2689 741 2711 in
762 2689 785 2712 A
806 2702 837 2705 -—
860 2694 898 2718 15.
919 2696 970 2720 pro
991 2689 1052 2712 filio
1071 2696 1122 2712 suo
1141 2688 1218 2712 Mun.
1240 2702 1270 2705 ——-
1293 2695 1332 2719 19.
1353 2688 1505 2711 millesimo
1525 2690 1552 2711 et
1570 2696 1617 2711 om.
1637 2687 1714 2710 Mun.
1735 2700 1766 2703 —
1788 2693 1829 2710 21.
1848 2694 1876 2710 se
1895 2685 1968 2718 cum]
1983 2693 2043 2710 cum
2058 2685 2135 2710 Mun.
2150 2698 2160 2703 -
2175 2693 2202 2709 se

382 2737 490 2761 pannos
511 2730 637 2759 BMUR.;
658 2738 685 2753 se
705 2732 814 2754 cancell.
834 2739 878 2754 con
899 2740 931 2754 zm
950 2731 1012 2761 rigo
1031 2731 1057 2754 in
1077 2731 1101 2754 A
1123 2745 1152 2748 -
1174 2722 1214 2754 2¹2.
1235 2732 1317 2753 misse
1337 2730 1414 2755 Mun.
1433 2743 1443 2747 -
1463 2730 1670 2753 ordinaverunt·
1690 2729 1766 2754 Mun.
1781 2742 1812 2746 —-
1827 2736 1869 2760 ²5·
1882 2728 2048 2752 Placentina
2062 2728 2112 2752 cosi
2126 2728 2203 2757 „433

383 2773 477 2795 lacuna
498 2772 573 2796 Mun.
595 2785 626 2788 —
647 2777 688 2803 27.
709 2772 741 2795 de
760 2772 835 2796 bello
855 2781 902 2796 om.
922 2773 998 2797 Mun.
1020 2785 1050 2790 —-
1072 2773 1112 2796 28.
1133 2773 1198 2802 dopo
1217 2771 1322 2796 Caffam
1343 2773 1369 2795 ιἰι
1389 2772 1413 2795 Α
1432 2780 1514 2803 segue
1540 2771 1727 2803 arripuissent
1752 2772 1860 2794 cancell.
1887 2779 1932 2794 con
1957 2779 1990 2794 uu
2015 2771 2078 2802 rigo
2102 2783 2136 2787 --
2160 2776 2202 2800 33.

382 2814 514 2836 timentes
535 2816 670 2837 neminem
692 2814 769 2838 Mun.
789 2828 821 2831 —
840 2821 883 2846 35.
902 2813 1078 2846 Apostolici]
1098 2814 1150 2838 Per
1169 2815 1329 2846 apostolica
1350 2814 1388 2841 A;
1410 2821 1460 2845 pro
1480 2814 1641 2846 apostolica
1662 2814 1687 2837 B
1706 2826 1714 2830 -
1740 2812 1916 2844 rediderunt]
1942 2813 2203 2845 pronunciaverunt

384 2855 460 2879 Mon.
482 2869 513 2872 —
533 2855 573 2886 36.
593 2856 680 2879 multa
700 2856 842 2880 discordia
864 2858 929 2880 nata
948 2857 973 2880 A
986 2857 1010 2880 Β
1030 2870 1060 2873 —
1081 2863 1122 2887 40.
1142 2855 1209 2887 quo]
1231 2857 1304 2887 quod
1325 2856 1349 2879 A
1363 2856 1474 2880 BMun.
1495 2868 1505 2873 -
1526 2854 1601 2885 vini}
1621 2855 1791 2878 Venetorum
1812 2854 1890 2878 Mun.

473 2954 477 2968 ¹
500 2954 599 2982 Questl
620 2956 671 2979 duc
691 2957 799 2980 castelli
827 2964 841 2980 e
867 2956 961 2980 l’altro
981 2956 1010 2980 di
1035 2956 1090 2981 San
1116 2957 1263 2981 Giovanni
1319 2957 1420 2987 gnoria
1440 2963 1489 2979 ecc.
1504 2957 1552 2979 cit.
1578 2955 1632 2979 San
1647 2953 1793 2979 Giovanni
1815 2955 1845 2978 in
1859 2954 2011 2981 Persiceto.
2031 2953 2202 2984 Sant'Agata

386 2998 415 3020 in
435 2997 576 3020 persiceto
591 3005 638 3028 per
654 2999 672 3021 il
689 3000 807 3021 trattato
822 2998 1003 3021 dell'ottnbre
1020 3004 1085 3028 1350
1098 3005 1183 3020 erano
1197 2999 1263 3021 stati
1320 3006 1334 3021 e
1354 2998 1522 3022 Crevalcore
1542 2998 1789 3028 rispettivamente
1808 3004 1822 3019 a
1842 2996 1893 3020 kil.
1914 3002 1955 3024 22,
1975 3001 2006 3026 27
2027 3003 2040 3018 e
2054 3001 2086 3026 32
2101 2995 2135 3019 da
2150 2995 2200 3018 Bo·

385 3039 496 3062 lasciati
518 3040 546 3061 in
569 3038 651 3061 feudo
672 3039 698 3061 ai
718 3039 825 3069 Pepoli.
864 3039 906 3062 ef.
929 3040 961 3062 A.
981 3040 1135 3067 soimanni,
1162 3040 1202 3062 La
1225 3040 1267 3062 Si-
1323 3039 1416 3069 logna-

2236 875 2273 905 10

2234 1138 2271 1169 15

2231 1404 2273 1434 20

2231 1669 2272 1699 25

2231 1934 2271 1965 30

2230 2196 2270 2229 35

2227 2462 2269 2493 40

2234 2959 2266 2976 10
