2360 3603
246 1573 265 1587 G.
281 1572 328 1590 941)

346 2257 376 2274 10

347 2462 375 2486 15

346 2667 380 2684 20

347 2870 379 2895 25

2055 224 2105 256 [A.
2126 225 2218 257 1342]

396 353 513 378 taneus
537 347 636 378 totius
660 346 829 377 exercitus
853 345 934 377 dicti
968 344 1096 376 domini
1120 345 1294 386 johannis,
1319 355 1394 376 cum
1427 345 1575 376 maxima
1599 345 1785 387 quantitate
1817 345 1956 376 militum
1992 352 2025 377 et
2055 346 2218 387 peditum,

394 401 437 431 ad
462 399 647 430 custodiam
671 399 760 430 dicte
786 398 949 434 fortilitie‚
973 397 1103 428 scilicet
1134 404 1251 439 gentes
1275 397 1402 428 domini
1435 397 1597 439 Obiconis
1621 398 1824 429 marchionis
1855 404 1888 428 et
1915 398 2041 429 domini
2071 398 2220 436 Mastini‚

397 452 544 492 dapnum
568 451 792 482 inestimabile
816 450 1002 480 inferentes
1026 459 1128 489 super
1152 449 1342 480 districtum
1368 450 1506 480 Forlivii
1534 456 1583 481 et·
1600 450 1742 481 Cesene.

528 503 535 518 l

1788 449 1831 480 Et
1855 456 1935 480 tunc
1959 450 2150 492 Ugoloctus
2178 451 2220 481 de

394 503 517 535 Parma
562 509 633 534 erat
656 503 851 543 capitaneus
874 502 984 544 gentis
1008 501 1135 532 domini
1159 502 1379 533 Marchionis.

481 556 613 587 Eodem
637 555 816 586 millesimo
841 561 874 585 et
898 563 1022 585 mense.
1069 554 1146 584 Dux
1168 553 1377 585 Athenarum
1403 555 1560 586 dominus
1584 555 1730 586 civitatis
1747 555 1930 593 Florentie‚
1954 556 2011 597 qui
2036 555 2222 597 conligatus

395 615 467 639 erat
493 619 567 639 cum
599 607 736 638 domino
768 607 923 648 Obicone
955 606 1162 645 marchione,
1195 606 1334 638 domino
1366 607 1515 639 Mastino
1548 614 1581 638 et
1612 608 1759 638 dominis
1786 607 1950 645 Bononie,
1980 608 2158 639 destinavit
2189 609 2223 638 in

393 661 581 692 subsidium
604 660 869 691 Bononiensium
893 660 936 690 ad
960 659 1089 690 dictum
1113 660 1299 690 exercitum
1324 663 1375 690 νιθ
1399 659 1523 691 milites
1547 670 1607 700 pro
1633 659 1700 702 liga
1726 660 1826 691 dicta.

484 714 615 744 Eodem
639 712 825 750 millesimo,
851 712 905 743 die
929 721 1002 743 xxv
1034 712 1158 743 mensis
1183 711 1341 742 octubris.
1388 712 1561 753 Johannes
1593 713 1678 743 filius
1703 713 1830 743 domini
1855 713 1976 755 Tadey
2001 714 2044 744 de
2069 712 2223 744 Bononia

394 765 535 797 recessit
559 765 602 795 de
627 763 788 806 Sacara²‚
813 770 846 794 et
870 763 1023 794 transivit
1045 763 1238 804 predictum
1261 764 1386 794 flumen
1410 763 1547 801 Amoni,
1572 773 1720 806 pergens
1745 765 1913 795 civitatem
1938 765 2088 802 Forlivii‚
2105 772 2225 806 optans

395 817 546 849 invenire
571 817 776 848 antedictam
799 817 1006 848 sotietatem:
1031 826 1097 857 que
1121 822 1241 859 gentes
1257 816 1422 847 sotietatis
1445 817 1629 848 sentientes
1652 817 1729 854 hoc,
1747 817 1949 854 timuerunt;
1974 823 2008 848 et
2022 819 2226 849 recedentes

397 871 440 902 de
464 870 552 908 loco,
577 869 633 901 ubi
657 874 753 900 erant
775 870 811 900 in
836 868 991 900 districtu
1015 868 1145 899 domini
1168 869 1348 899 Malateste
1373 869 1416 900 de
1440 867 1605 906 Arimino,
1631 869 1763 900 iverunt
1787 869 1830 900 ad
1854 869 2036 911 hospitium
2060 870 2093 901 in
2110 870 2224 912 burgis

397 923 540 955 civitatis
563 922 694 954 Cesene
718 932 781 962 pro
813 921 933 952 maiori
956 921 1156 952 securitate:
1189 921 1281 963 quod
1305 921 1446 952 audiens
1478 921 1634 952 dominus
1657 922 1832 963 johannes
1864 932 1941 953 cum
1972 927 2043 953 toto
2069 923 2222 954 exercitu

397 975 523 1007 reversi
547 980 623 1006 sunt
646 975 689 1006 ad
714 975 840 1006 dictam
864 973 1047 1011 Bastiliam‚
1066 974 1146 1016 quia
1164 974 1320 1005 dominus
1343 973 1512 1005 Mastinus
1535 974 1672 1005 volebat
1696 977 1730 1005 vC
1754 974 1877 1005 milites
1901 974 1944 1005 de
1961 974 2039 1012 suis,
2065 975 2143 1016 quia
2157 981 2226 1006 ter-

397 1029 506 1069 minus
529 1033 673 1070 treugue
698 1038 797 1068 quam
822 1026 968 1058 habebat
993 1036 1070 1057 cum
1094 1026 1297 1063 Mantuanis,
1323 1026 1516 1067 exspirabat
1540 1027 1595 1057 die
1620 1037 1677 1057 1111
1702 1027 1905 1058 novembris.

484 1081 615 1112 Eodem
638 1079 826 1117 millesimo,
850 1089 902 1110 ΧΠ
927 1079 1051 1110 mensis
1074 1078 1278 1110 novembris.
1324 1078 1414 1110 Dicti
1446 1082 1481 1109 vc
1512 1079 1633 1110 milites
1657 1079 1787 1111 domini
1819 1080 1956 1111 Mastim'
1988 1080 2031 1111 de
2062 1080 2095 1111 la
2126 1080 2228 1112 Scala

396 1135 570 1166 redierunt
593 1143 709 1164 versus
732 1139 845 1173 partes
869 1132 1024 1163 Bononie
1049 1132 1093 1163 acl
1115 1137 1317 1173 preceptum
1341 1131 1469 1162 domini
1492 1132 1657 1174 Johannis
1681 1133 1725 1164 de.
1749 1133 1887 1174 Pepulis
1909 1132 2046 1174 ubique.

485 1186 615 1218 Eodem
638 1185 816 1216 millesimo
834 1191 867 1216 et
882 1194 997 1215 mense
1014 1184 1217 1215 novembris.
1242 1184 1405 1215 Dominus
1421 1185 1518 1216 Thor
1534 1185 1577 1216 de
1596 1184 1746 1217 Panico3
1764 1185 1880 1217 volens
1898 1185 2022 1216 intrare
2039 1186 2228 1218 sotietatem

396 1250 552 1282 magnam
577 1245 612 1270 et
634 1238 799 1279 perfidam
831 1237 1049 1275 antedictam,
1075 1236 1219 1268 credens
1250 1247 1351 1278 posse
1382 1237 1495 1268 redire
1519 1237 1628 1268 libere
1653 1238 1788 1269 domum
1820 1248 1913 1268 suam
1937 1238 1971 1268 in
2000 1238 2138 1270 civitate
2162 1239 2229 1270 Bo-

395 1291 507 1330 nonie,
530 1302 599 1323 non
622 1291 734 1332 potuit
758 1290 910 1328 transire,
935 1299 1058 1331 ymmo,
1073 1290 1220 1320 existens
1244 1290 1278 1319 in
1303 1290 1451 1331 quodam
1476 1296 1585 1322 castro
1602 1289 1819 1322 Aretinorum
1838 1291 1930 1322 dicto
1946 1291 2107 1322 Laterina
2119 1291 2141 1330 ⁴,
2166 1292 2230 1323 fuit

398 1345 552 1377 obsessus
575 1355 596 1375 a
618 1343 775 1386 gentibus
800 1342 928 1373 domini
952 1341 1048 1372 ducis
1072 1341 1284 1372 Athenarum
1308 1342 1438 1373 domini
1463 1342 1608 1374 civitatis
1632 1342 1815 1381 Florenfie,
1840 1350 1874 1374 et
1897 1342 1943 1374 ibi
1967 1344 2152 1375 existentes
2168 1355 2230 1386 per

399 1398 514 1439 plures
537 1397 619 1435 dies,
643 1402 809 1436 ceperunt
832 1395 954 1426 multos
978 1395 1081 1426 sotios
1106 1395 1190 1426 dicti
1215 1395 1343 1426 domini
1361 1395 1458 1426 Thor
1482 1405 1543 1436 per
1567 1395 1757 1426 districtum
1781 1395 1901 1433 Aretii‚
1926 1396 1983 1438 qui
2005 1396 2166 1428 volebant
2181 1396 2230 1427 ire

399 1450 575 1482 Biblenam
601 1455 635 1480 et
658 1447 783 1480 deinde
808 1447 974 1478 Cesenam
999 1447 1031 1476 in
1056 1445 1148 1477 dicta
1171 1447 1319 1477 maxima
1343 1447 1509 1483 sotietate,
1534 1447 1569 1477 in
1594 1458 1661 1488 qua
1685 1453 1757 1478 erat
1781 1448 1937 1479 dominus
1962 1448 2161 1491 Raynaldus
2185 1449 2228 1479 de

401 1501 583 1535 Assandris
606 1501 650 1532 de
673 1500 814 1531 Mantua
838 1500 1036 1540 capitaneus
1059 1499 1229 1542 generalis
1253 1499 1527 1535 Bononiensium,
1561 1500 1710 1531 existens
1734 1510 1810 1531 cum
1843 1500 1936 1532 dicto
1969 1500 2108 1532 domino
2132 1501 2230 1532 Thor

404 1567 466 1597 per
489 1554 662 1587 dominum
685 1551 890 1584 Luehinum'
922 1551 1171 1583 Vicecomitem
1203 1552 1375 1583 dominum
1400 1552 1605 1584 Mediolani:
1631 1558 1743 1583 tamen
1768 1553 1859 1594 capti
1884 1553 2020 1584 fuerunt
2044 1553 2228 1584 Galeoctus

401 1609 443 1639 de
460 1607 589 1639 Panico
606 1606 710 1637 frater
727 1605 810 1636 dicti
833 1604 958 1635 domini
983 1604 1089 1642 Thor,
1105 1603 1262 1635 Malerba
1278 1604 1513 1636 Theotonicus
1522 1603 1543 1643 ⁵,
1568 1605 1689 1636 Bertus
1706 1605 1749 1636 de
1766 1605 1965 1647 Bacelleriis
1988 1605 2031 1636 de
2048 1605 2229 1643 Bononia⁶‚
2254 1613 2258 1617 ’

401 1661 460 1703 qui
483 1659 670 1692 transibant
694 1657 902 1690 Florentiam
926 1657 960 1687 in
984 1656 1100 1688 habitu
1123 1657 1276 1694 fratrum,
1302 1662 1420 1688 euntes
1444 1657 1487 1688 ad
1512 1657 1637 1688 dictam
1661 1657 1861 1689 sotietatem.

489 1713 621 1744 Eodem
644 1710 832 1747 millesimo,
857 1719 918 1740 XVI
943 1709 1066 1740 mensis
1088 1708 1291 1741 novembris.
1315 1709 1480 1740 Dominus
1496 1709 1660 1752 Gerocius
1677 1710 1720 1741 de
1743 1708 1893 1748 Bardis³,
1918 1720 2059 1752 magnus
2075 1717 2108 1742 et
2123 1711 2231 1742 hono-

486 1830 507 1854 5.
528 1822 674 1846 millesimo
694 1824 722 1845 et
741 1828 788 1844 om.
809 1821 886 1844 Mun.
902 1833 933 1836 —
948 1819 972 1845 6.
989 1819 1128 1851 Bononie]
1149 1820 1372 1844 Bononiensibus
1392 1820 1469 1846 MUR.
1484 1834 1515 1838 —
1529 1829 1553 1853 9.
1568 1821 1673 1845 Amoni
1692 1822 1780 1845 scritto
1800 1822 1862 1852 dopo
1880 1822 1909 1844 in
1923 1821 1946 1843 A
1960 1821 2029 1844 dallo
2048 1824 2122 1844 stesso
2135 1822 2230 1852 copis-ta

399 1875 430 1891 su
448 1867 543 1890 lacuna
563 1878 595 1881 —
617 1871 654 1887 10.
675 1864 770 1895 gentes
789 1863 832 1889 A:
851 1869 918 1894 gens
937 1862 961 1884 B
980 1861 1057 1886 MUR.
1078 1875 1108 1878 —
1133 1868 1173 1893 13.
1193 1861 1350 1894 Bastiliam]
1372 1864 1505 1886 Bastitam
1526 1862 1602 1887 Mun.
1625 1876 1654 1879 —
1678 1869 1716 1893 15.
1736 1863 1841 1886 Eodem
1863 1862 2018 1894 millesimo]
2039 1863 2083 1886 die
2102 1862 2178 1887 Mun.
2199 1877 2229 1880 z

403 1914 440 1939 17.
455 1908 558 1932 Eodem
577 1906 728 1929 millesimo
747 1904 786 1936 et]
807 1904 840 1928 de
859 1904 934 1927 dicto
954 1903 1030 1928 MUR.
1049 1917 1082 1921 --
1105 1911 1143 1935 19.
1158 1904 1187 1927 in
1203 1905 1293 1934 prima
1313 1905 1342 1927 di
1358 1905 1477 1935 quodam
1496 1913 1544 1929 om.
1557 1905 1598 1931 A‚·
1617 1911 1676 1935 agg.
1697 1904 1773 1929 Mun.
1789 1917 1821 1921 -—-
1837 1911 1876 1928 22.
1891 1905 1953 1935 dopo
1973 1905 2102 1928 sotietate
2119 1905 2148 1928 in
2167 1905 2190 1927 A
2204 1906 2232 1928 et

399 1951 529 1983 ceperunt
547 1947 686 1971 cancellato
705 1955 750 1970 con
769 1953 806 1969 un
825 1946 882 1977 ⁷⁴:2⁷0
903 1959 934 1962 —
955 1951 996 1976 24·
1016 1951 1065 1978 per
1083 1945 1110 1969 d.
1130 1945 1295 1976 Luchinum]
1315 1953 1365 1978 pro
1385 1946 1410 1970 d.
1432 1946 1562 1970 Luchino
1576 1946 1652 1971 Mun.

403 2041 432 2065 di
451 2039 563 2064 Boemia
576 2038 621 2062 nel
637 2043 712 2068 1331.
748 2036 857 2068 Reggio
872 2035 953 2068 passo
975 2035 1018 2060 nel
1035 2039 1099 2067 1335
1118 2035 1145 2059 ai
1159 2034 1292 2067 Gonzaga

402 2083 435 2106 ed
455 2083 474 2106 il
498 2080 630 2113 Fogliani
648 2079 682 2103 da
708 2078 794 2102 allora
815 2080 838 2102 si
863 2085 929 2110 pose
948 2085 965 2101 a
988 2077 1047 2101 fare
1065 2077 1084 2101 il
1105 2077 1290 2101 condottiero.

403 2123 449 2149 Cf.
468 2124 571 2152 erTA,
591 2125 628 2153 op.
648 2123 704 2148 cit„
722 2120 855 2152 Famiglia
875 2119 1007 2151 Fogliani.

491 2163 498 2179 ¹
518 2164 654 2195 Ugolotto
675 2163 759 2194 Lupi.

490 2204 501 2220 2
520 2206 541 2229 Il
558 2206 640 2237 luogo
659 2204 758 2233 δας-(ινα
776 2211 834 2228 non
853 2203 953 2234 esiste3
972 2203 1020 2233 qui
1038 2204 1207 2227 certamente
1226 2203 1293 2227 deve

402 2248 517 2279 legger-si
535 2247 661 2270 Faventia
679 2245 924 2269 conformemente
943 2251 960 2268 a
979 2246 1083 2275 quanto
1103 2242 1117 2267 ὲ
1136 2243 1234 2267 scritto
1248 2244 1291 2267 nel

403 2288 537 2315 Pausian,
556 2287 614 2310 RR.
634 2286 670 2310 II.
690 2286 751 2313 SS.,
770 2286 869 2316 XXIV,
890 2284 940 2316 768
958 2293 972 2309 e
991 2285 1154 2308 nell’ffi‘stor.
1175 2285 1293 2308 ilh‘scella

402 2329 480 2356 Bon„
504 2327 563 2351 RR.
588 2327 624 2350 II.
645 2327 705 2354 SS.,
726 2326 826 2355 XVIII,
854 2331 914 2357 357.
952 2325 1056 2354 Queste
1079 2326 1130 2349 due
1155 2326 1292 2349 cronache

406 2370 504 2393 inoltre
529 2370 683 2400 registrano
709 2368 798 2399 questi
818 2367 884 2391 fatti
904 2368 982 2391 sotto
1001 2368 1027 2390 la
1050 2366 1113 2390 data
1133 2367 1178 2390 del
1202 2374 1230 2397 15
1251 2368 1292 2391 ot-

403 2411 480 2435 tobre
499 2418 513 2434 e
532 2417 589 2434 non
609 2409 650 2433 del
669 2414 711 2440 25.

491 2450 501 2466 3
520 2452 616 2475 Ettore
629 2451 665 2475 da
682 2450 787 2475 Panico
807 2450 836 2475 fu
855 2450 903 2482 pin
924 2450 999 2474 volte
1019 2449 1135 2473 bandito
1154 2449 1189 2473 da
1208 2449 1292 2473 Bolo-

404 2500 459 2524 gna
478 2499 525 2524 per
539 2493 548 2515 i
561 2491 624 2515 suoi
638 2491 735 2515 delitti.
772 2491 855 2522 Negli
869 2491 937 2514 anni
957 2490 1024 2521 1328
1036 2498 1051 2514 e
1067 2495 1132 2521 1329
1146 2497 1220 2513 resse
1234 2490 1293 2513 Mo-

405 2535 475 2558 dena
489 2534 519 2557 in
534 2540 613 2557 nome
626 2533 696 2557 dena
711 2532 810 2556 Chiesa
829 2532 918 2562 (Cron.
939 2531 1010 2556 Mod.
1023 2531 1080 2561 cit„
1095 2539 1141 2562 pp.
1159 2530 1292 2562 166-167),

405 2575 450 2599 cib
469 2576 638 2598 nonostante
652 2574 681 2597 in
700 2574 786 2605 quest’
794 2574 894 2598 ultimo
908 2580 983 2597 anno
1002 2572 1094 2597 tramo
1108 2579 1157 2604 per
1174 2573 1293 2604 togliere

407 2617 533 2647 Bologna
552 2616 576 2639 al
594 2616 699 2646 Legato
718 2614 863 2646 pontificio
882 2622 896 2638 e
916 2615 995 2638 darla
1013 2621 1029 2637 a
1043 2613 1189 2637 Lodovico
1208 2614 1228 2637 il
1243 2614 1292 2637 Ba-

407 2665 488 2687 varo;
508 2659 644 2689 scoperto,
658 2657 769 2680 dovette
782 2657 856 2680 darsi
866 2657 920 2681 alla
933 2656 1000 2688 fuga
1014 2656 1128 2686 (MUZZ1,
1141 2656 1210 2679 Arm.
1224 2655 1293 2683 Bal„

406 2700 454 2729 111,
476 2698 543 2729 112).
580 2699 628 2723 Nel
651 2705 714 2729 1331
736 2698 751 2721 8
770 2700 867 2730 agosto
886 2697 900 2722 ὲ
919 2699 990 2722 teste
1008 2697 1053 2722 all'
1063 2699 1250 2721 instrumento
1265 2699 1293 2722 di

405 2741 467 2772 lega
484 2742 528 2764 tra
545 2740 585 2771 gli
603 2741 720 2769 Estensi,
739 2740 777 2771 gli
796 2739 926 2771 Scaliger}
955 2739 988 2763 ed
1007 2740 1016 2762 i
1036 2739 1169 2770 Gonzaga
1194 2741 1294 2763 contro

407 2785 427 2809 il
447 2792 476 2809 re
495 2784 523 2808 di
542 2784 664 2812 Boemia,
684 2784 820 2815 stipulato
840 2784 868 2806 in
889 2783 1065 2808 Castelbaldo
1080 2783 1191 2814 (VERcr,
1206 2783 1294 2806 Storia

406 2826 475 2849 della
493 2826 584 2848 Marcu
608 2825 746 2851 trivisana,
764 2825 797 2853 X,
821 2824 890 2856 142).
926 2825 1040 2849 Unitosi
1064 2824 1090 2848 al
1109 2831 1159 2847 suo
1184 2832 1293 2855 compa-

408 2868 507 2891 triotta
527 2866 689 2890 Muzzarello
709 2865 741 2889 da
761 2865 898 2895 Cuzzano,
912 2865 1001 2889 form&
1015 2873 1068 2889 una
1088 2867 1253 2897 compagnia
1267 2865 1296 2889 di

408 2912 533 2935 ventura.
569 2910 618 2933 Nel
641 2916 707 2941 1399
720 2916 766 2933 era
785 2909 810 2933 al
824 2909 906 2933 soldo
924 2909 952 2932 di
966 2910 1039 2933 Azzo
1055 2909 1183 2933 Visconti
1202 2917 1216 2933 e
1229 2917 1295 2933 con-

409 2950 494 2976 trlbu)
514 2952 711 2983 grandemente
729 2951 784 2975 alla
803 2950 920 2974 vittoria
941 2950 1011 2974 nella
1030 2950 1137 2974 celebre
1160 2950 1297 2983 battaglia

1346 2036 1374 2059 di
1394 2036 1549 2068 Parabiago
1568 2036 1667 2060 contro
1687 2036 1820 2060 Lodrisio
1842 2036 1970 2059 visconti
1992 2043 2006 2060 e
2026 2036 2045 2060 il
2057 2035 2125 2060 duca
2145 2036 2234 2061 Guar-

1345 2077 1416 2101 nieri
1437 2076 1582 2107 (R1COTT1,
1603 2077 1688 2101 Storie
1706 2077 1772 2100 delle
1790 2078 1940 2108 compagnie
1953 2078 1983 2100 di
1999 2079 2121 2105 ventura.
2134 2077 2169 2106 Π,
2181 2077 2235 2108 47).

1345 2117 1465 2142 Podesta
1484 2119 1512 2142 di
1526 2119 1633 2151 chgio
1655 2126 1702 2150 per
1716 2119 1849 2150 Gonzaga
1868 2118 1911 2142 nel
1928 2118 2002 2150 1336.
2039 2119 2080 2143 Fu
2099 2119 2190 2143 uceiso
2204 2119 2234 2143 ln

1345 2159 1527 2192 Garfagnana
1547 2160 1591 2184 nel
1613 2166 1676 2191 1345
1698 2159 1745 2190 (cf.
1767 2159 1861 2184 chron.
1880 2159 1956 2191 Est.).

1435 2201 1443 2216 ⁴
1463 2202 1597 2226 Laterina
1617 2210 1633 2226 a
1654 2208 1684 2233 15
1704 2202 1751 2226 kil.
1772 2202 1882 2227 o-N-O.
1904 2202 2049 2227 d'Arezzo.

1433 2242 1443 2258 ⁵
1462 2243 1583 2268 Rinaldo
1605 2243 1689 2267 Giver
1709 2243 1786 2267 detto
1806 2244 1826 2267 il
1848 2244 1980 2269 Malerba.

1433 2283 1444 2299 ⁶
1463 2285 1560 2308 Venne
1579 2285 1696 2309 bandito
1716 2284 1750 2308 da
1770 2285 1894 2317 Bologna
1918 2285 1961 2308 nel
1983 2289 2048 2316 1337
2069 2283 2167 2317 perche
2192 2286 2236 2309 tra.

1347 2327 1354 2350 ἱ
1374 2325 1421 2358 pisi
1442 2326 1594 2350 turbolenti
1612 2326 1720 2350 fautori
1740 2326 1784 2350 dei
1805 2326 1956 2350 Gozzadini
1975 2328 2076 2351 contro
2096 2327 2105 2350 i
2129 2326 2236 2358 Pepoli.

1346 2367 1388 2393 Cf.
1409 2367 1447 2392 M.
1466 2375 1504 2391 nn
1524 2367 1734 2398 GRIFFONIBUS‚
1752 2368 1858 2391 Memor.
1880 2368 1979 2391 Aristar.
1999 2369 2028 2392 in
2052 2367 2109 2391 RR.
2130 2367 2164 2391 II.
2186 2367 2234 2392 SS.

1347 2410 1451 2441 (nuova
1469 2408 1555 2439 ediz.),
1575 2409 1677 2438 XVIII,
1698 2417 1724 2441 p.
1745 2414 1784 2439 50.

1435 2449 1445 2462 ⁷
1464 2451 1604 2482 Capitano
1623 2451 1665 2475 del
1684 2452 1786 2483 popolo
1806 2451 1833 2475 di
1859 2451 1913 2476 San
1935 2450 2108 2482 Gimignano
2128 2451 2171 2474 nel
2196 2458 2236 2475 se-

1345 2491 1436 2515 condo
1456 2493 1584 2515 semestre
1610 2492 1653 2515 del
1675 2492 1740 2522 1328
1766 2491 1897 2522 (Pacom,
1917 2491 2005 2514 storia
2027 2492 2057 2514 di
2075 2491 2130 2515 San
2151 2492 2236 2515 Gimi-

1342 2540 1442 2564 gnano,
1457 2541 1483 2565 p.
1505 2533 1572 2563 157).
1610 2534 1650 2557 Fu
1663 2540 1719 2556 uno
1738 2533 1781 2557 dei
1800 2533 1924 2564 capitani
1938 2532 2121 2557 dell'esereito
2135 2532 2235 2558 fioren—

1346 2576 1407 2599 tino
1420 2574 1571 2599 all‘assedio
1585 2574 1612 2597 di
1629 2574 1814 2599 Montecatini
1828 2575 1872 2598 nel
1888 2580 1953 2605 1330
1966 2574 2084 2598 durante
2097 2575 2123 2598 la
2136 2582 2237 2606 guerra

1346 2623 1398 2640 eon
1419 2617 1519 2640 Lucca.
1556 2616 1607 2639 Nel
1628 2621 1692 2647 1333
1717 2623 1805 2640 venne
1826 2616 1958 2640 mandato
1983 2623 2035 2639 con
2054 2617 2119 2640 altri
2143 2617 2236 2640 amba-

1347 2658 1466 2682 sciatore
1485 2657 1510 2681 al
1523 2665 1551 2681 re
1565 2658 1689 2681 Roberto
1710 2657 1737 2680 di
1751 2657 1852 2690 Napoli
1866 2658 1894 2680 in
1909 2658 2057 2681 occasione
2071 2658 2140 2681 delle
2153 2665 2236 2682 nozze

1347 2699 1376 2723 di
1390 2699 1538 2724 Giovanna
1551 2699 1577 2722 d'
1586 2699 1734 2730 Ungheria.
1774 2698 1912 2730 capitano
1926 2700 2052 2730 generale
2065 2699 2137 2723 della
2149 2699 2236 2731 taglia

1346 2740 1414 2764 della
1432 2740 1495 2772 lega
1512 2739 1556 2763 fra
1573 2739 1597 2763 le
1616 2737 1684 2762 eitta
1703 2739 1732 2762 di
1751 2740 1871 2770 Perugia
1893 2739 1920 2762 di
1940 2739 2023 2768 Todi,
2042 2739 2071 2762 di
2096 2739 2236 2770 Agubfflo,

1348 2783 1376 2806 di
1396 2783 1523 2814 Foligno,
1543 2783 1572 2807 di
1594 2783 1683 2806 Assisi
1703 2791 1716 2806 e
1737 2783 1765 2806 di
1778 2782 1890 2813 Spoleto
1910 2783 1953 2806 nel
1976 2788 2050 2813 1334·
2086 2783 2193 2813 Acapo
2207 2783 2237 2806 di

1350 2832 1400 2849 100
1418 2825 1547 2849 cavalieri
1566 2831 1580 2847 e
1600 2830 1650 2854 300
1670 2824 1745 2848 fanti
1765 2825 1809 2848 nel
1830 2829 1895 2855 1335
1917 2824 2038 2857 presidia
2063 2824 2237 2848 Pietrasanta

1349 2869 1392 2901 pei
1412 2869 1581 2893 Fiorentini.
1602 2867 1647 2892 Cf.
1674 2869 1847 2897 Ammmro,
1866 2868 1935 2892 Stor.
1961 2868 2045 2895 Fior„
2064 2868 2084 2898 1,
2104 2875 2149 2900 pp.
2176 2867 2236 2898 369,

1349 2910 1408 2941 389,
1428 2915 1477 2941 393
1498 2917 1511 2934 e
1526 2917 1585 2941 399.
1620 2907 1743 2933 Podesta
1762 2909 1790 2932 di
1805 2909 1925 2933 Modena
1945 2908 1988 2932 nel
2001 2910 2092 2940 primo
2106 2910 2236 2933 semestre

1350 2951 1392 2975 del
1415 2955 1486 2981 1345.
1508 2950 1552 2975 Cf.
1576 2949 1654 2974 Cron.
1674 2950 1742 2974 Mod.
1763 2950 1819 2980 cit„
1839 2958 1865 2981 p.
1886 2955 1944 2981 ²45·

2269 556 2285 584 U]

2253 812 2312 849 10'

2255 1080 2290 1111 15

2253 1346 2293 1375 20

2263 2125 2296 2151 30

2263 2333 2294 2359 35

2264 2544 2298 2568 40

2264 2748 2295 2774 45

2265 2955 2297 2979 50
