2360 3603
189 1577 262 1599 Mun„
280 1581 319 1599 432

382 224 450 258 142
1003 223 1308 259 CHRONICON
1339 224 1569 259 ESTENSE
2032 232 2082 265 [A.
2104 234 2197 266 1346]

371 356 438 387 suis
462 356 616 393 inimicis,
642 356 698 397 qui
722 355 873 397 undique
898 355 1105 386 iniuriabant
1129 355 1169 386 ei.
1217 355 1260 386 Et
1283 355 1333 386 sic
1364 355 1521 387 dominus
1544 356 1702 387 Marchio
1734 357 1904 388 concessit
1928 362 1961 388 et
1985 357 2127 389 tradidit
2150 357 2196 390 ci-

372 408 512 439 vitatem
536 409 658 440 Parme
685 419 759 439 cum
785 408 889 439 certis
912 407 1021 449 pactis
1045 407 1137 439 dicto
1161 408 1298 439 domino
1322 408 1496 442 Luchino:
1521 407 1648 440 deinde
1672 408 1727 440 die
1744 418 1821 439 xxii
1838 409 2060 450 septembris¹
2077 416 2197 451 gentes

372 460 497 491 domini
521 461 669 492 Luchini
695 461 932 501 equitaverunt
956 466 987 491 et
1011 460 1224 491 intraverunt
1247 460 1419 496 Parmam;
1445 466 1478 491 et
1503 466 1621 502 gentes
1652 461 1781 492 domini
1813 462 2024 493 Marehionis
2046 473 2197 494 recesse—

369 518 448 544 runt·
472 513 513 543 de
537 513 676 544 civitate
701 513 804 551 dicta,
829 518 863 544 et
887 512 1063 544 redierunt
1086 512 1251 543 Mutinam
1277 519 1340 544 etc.

458 565 589 596 Eodem
613 565 803 604 millesimo,
827 565 883 595 die
914 574 985 596 xxv
1016 565 1228 605 septembris.
1275 565 1440 596 Dominus
1471 566 1621 597 marchio
1652 566 1761 608 Obico
1786 572 1819 598 et
1847 567 2000 598 dominus
2022 567 2197 600 Luchinus

370 617 516 658 predicti
541 622 806 660 segregaveiunt
830 616 969 648 civitate
993 617 1182 648 Mediolani
1208 623 1241 648 et
1266 618 1399 648 iverunt
1422 623 1545 649 terram
1576 618 1728 655 Muueie,
1760 617 1818 649 ubi
1843 619 1998 650 dominus
2021 619 2197 651 Luchinus

370 670 556 701 honorifice
579 670 710 711 recepit
736 670 911 701 dominum
935 669 1173 701 Marchionem
1203 676 1236 700 et
1265 680 1359 706 suos;
1384 676 1461 711 post
1484 670 1663 711 prandium
1694 681 1775 702 vero
1808 681 1884 703 cum
1908 672 2019 703 animo
2044 672 2138 703 claro
2162 678 2196 704 et

369 723 514 763 pacifico
539 723 696 754 do'minus
720 722 876 754 Marchio
901 728 934 753 et
958 722 1028 753 eius
1052 722 1211 753 comitiva
1234 729 1448 754 recesserunt
1465 724 1508 754 de
1524 723 1674 762 Munda,
1699 729 1732 754 et
1755 729 1922 755 venerunt
1948 725 1992 756 ad
2015 725 2195 766 hospitium

371 781 496 805 terram
520 775 673 806 Tressii²
698 775 864 806 adsociati
890 774 1047 806 continue
1071 774 1210 806 domino
1234 775 1365 806 Maffeo
1383 775 1599 807 Vicecomite
1624 781 1658 807 et
1673 776 1810 807 domino
1827 776 1950 818 Brucio
1972 776 2039 808 filio
2053 777 2196 808 naturali

370 827 497 858 domini
520 827 666 859 Luchini
685 838 760 859 cum
778 827 923 858 maximo
940 828 1081 858 honore.
1128 826 1270 858 Accidit
1295 838 1392 859 casus
1416 828 1509 869 quod
1525 827 1681 859 dominus
1704 828 1887 860 Hostaxius
1910 829 1953 860 de
1969 829 2121 867 Polenta‚
2138 830 2196 871 qui

371 890 447 910 cum
465 880 601 912 domino
617 880 818 912 Marchione
836 886 918 918 erat,
943 880 1131 922 hospitatus
1154 880 1220 911 fuit
1243 880 1277 911 in
1294 881 1438 922 quadam
1458 891 1604 918 camera,
1627 881 1662 911 in
1678 891 1744 923 qua
1765 887 1901 922 propter
1916 881 2024 924 frigus
2040 883 2197 914 fecerunt

368 932 549 963 servitores
579 933 725 964 accendi
759 934 874 975 ignem
905 932 947 964 de
981 933 1145 970 carbone,
1169 939 1311 974 propter
1342 933 1437 964 cuius
1468 933 1700 964 fumoxitatem
1732 934 1885 964 dominus
1917 934 2097 966 Hostaxius
2120 945 2196 966 cum

369 985 473 1017 tribus
496 986 589 1017 sotiis
611 987 702 1027 passi
727 992 805 1018 sunt
829 986 1068 1023 infirmitatem,
1094 992 1126 1017 et
1157 986 1235 1018 ideo
1259 992 1525 1028 supersteterunt
1556 986 1603 1017 ibi
1627 986 1881 1028 aliquantulum.
1927 987 2063 1019 Deinde
2087 988 2196 1019 domi-

264 1054 287 1066 11
311 1054 323 1066 r
372 1049 433 1069 nus
456 1039 612 1071 Marchio
637 1039 778 1070 recessit
803 1050 879 1070 cum
903 1039 977 1070 aliis
1000 1039 1078 1077 suis,
1103 1039 1304 1081 dimixitque
1329 1039 1375 1070 ibi
1400 1038 1592 1070 dominum'
1616 1039 1818 1071 Hostaxium
1846 1050 1922 1071 cum
1946 1040 2107 1071 militibus
2129 1040 2198 1072 suis

370 1097 402 1122 et
425 1091 658 1123 familiaribus.
705 1092 869 1123 Dominus
892 1092 1051 1123 Marchio
1076 1092 1182 1123 noluit
1203 1092 1249 1124 ibi
1280 1092 1495 1123 residentiam
1527 1093 1644 1124 facere
1675 1098 1814 1134 propter
1838 1093 1999 1124 maximas
2021 1103 2195 1135 expensas,

369 1155 451 1186 quas
467 1144 648 1185 portabant
666 1145 899 1177 Vicecomites
915 1150 1056 1186 propter
1073 1155 1189 1176 eorum
1205 1145 1408 1176 instantiam.
1444 1145 1525 1176 Post
1541 1155 1622 1176 vero
1641 1146 1725 1176 duos
1742 1145 1826 1182 dies,
1844 1145 1998 1177 dominus
2014 1145 2196 1177 Hostaxius

369 1197 463 1238 quasi
489 1197 657 1229 liberatus.
705 1198 871 1229 Dominus
887 1197 1046 1229 Marchio
1070 1197 1211 1229 recessit
1227 1198 1317 1236 inde,
1334 1198 1462 1240 ivitque
1479 1198 1661 1239 hospitium
1680 1197 1851 1229 civitatem
1869 1198 2041 1240 Pergami,
2058 1198 2123 1230 alio
2141 1199 2195 1230 die

368 1250 576 1293 Palacolum,
593 1250 660 1282 alio
677 1250 734 1281 die
751 1251 943 1293 Bryssyam,
959 1250 1084 1282 deinde
1101 1250 1289 1281 Piscariam
1307 1249 1476 1282 district-us
1501 1251 1629 1282 domini
1645 1250 1794 1288 Masfini,
1818 1250 1942 1282 deinde
1958 1250 2194 1282 Villam-fran-

369 1313 454 1341 cam,
479 1303 605 1335 deinde
630 1304 814 1340 Veronam,
838 1303 896 1334 ubi
920 1309 1069 1334 moratus
1094 1309 1144 1334 est
1167 1313 1229 1344 per
1252 1314 1288 1334 VI
1314 1303 1432 1341 dietas,
1459 1309 1645 1345 expectans
1670 1304 1853 1335 adventum
1877 1304 2004 1334 domini
2028 1304 2194 1342 Hostaxii,

368 1355 425 1396 qui
449 1355 504 1387 die
529 1355 699 1387 dominico
723 1365 789 1386 vm
814 1355 939 1387 mensis
963 1355 1113 1387 octubris
1138 1355 1277 1397 aplicuit
1300 1355 1483 1388 Veronam.
1529 1356 1594 1387 Die
1627 1356 1702 1387 lune
1728 1356 1886 1397 sequenti
1910 1362 2125 1387 recesserunt
2152 1356 2195 1387 de

368 1408 516 1446 Verona,
542 1414 575 1439 et
598 1414 764 1440 venerunt
794 1407 987 1451 Lignagum
1019 1407 1063 1439 ad
1087 1408 1280 1449 hospitium,
1305 1408 1431 1439 deinde
1454 1408 1726 1445 Lendenariam3
1759 1408 1886 1440 deinde
1911 1409 2102 1440 Ferrariam
2131 1415 2195 1440 etc.

453 1461 584 1492 Eodem
608 1461 798 1499 millesimo,
824 1461 879 1492 die
903 1460 1009 1492 sabati
1034 1470 1095 1491 XXI
1120 1461 1246 1492 mensis
1270 1461 1430 1493 octubris.
1456 1461 1620 1492 Dominus
1635 1461 1809 1503 Johannes
1833 1462 1876 1492 de
1899 1461 2037 1502 Pepulis
2061 1462 2104 1493 de
2128 1461 2196 1493 Bo-

369 1513 468 1545 nonia
490 1514 583 1545 venit
607 1514 797 1545 Ferrariam
822 1513 865 1544 ad
888 1513 1136 1554 parlamentum
1161 1525 1237 1545 cum
1262 1514 1401 1546 domino
1426 1514 1625 1545 marchione
1649 1513 1805 1556 Obicone
1823 1520 1888 1545 etc.

456 1567 586 1598 Eodem
610 1567 797 1604 millesimo,
811 1566 865 1598 die
892 1566 968 1598 lune
994 1576 1084 1597 xxm
1110 1568 1233 1598 mensis
1257 1566 1417 1598 octubris.
1441 1567 1606 1598 Dominus
1627 1567 1779 1598 marchio
1804 1567 1915 1610 Obico
1941 1573 2005 1599 etc.
2023 1567 2086 1599 ivit
2101 1567 2195 1599 Aba-

369 1620 457 1651 ciam
481 1619 653 1651 districtus
676 1619 831 1661 Rodigii,
855 1619 970 1661 ibique
995 1619 1118 1650 mansit
1140 1629 1203 1661 per
1228 1625 1333 1651 totam
1358 1620 1448 1651 diem
1472 1620 1600 1656 martis;
1634 1619 1759 1652 deinde
1783 1619 1842 1651 ivit
1864 1619 2057 1662 Lignagum
2081 1621 2194 1652 distri-

369 1678 442 1704 ctus
458 1673 606 1710 Verone,
622 1672 680 1703 ubi
697 1678 769 1703 erat
785 1672 941 1703 dominus
956 1672 1122 1704 Mastinus
1138 1672 1181 1703 de
1199 1672 1229 1703 la
1242 1671 1354 1710 Scala,
1369 1672 1426 1714 qui
1442 1671 1569 1704 ibidem
1584 1672 1795 1703 conduxerat
1810 1671 1984 1703 dominum
2001 1673 2193 1704 Guidonem

367 1725 411 1756 de
436 1726 600 1768 Goncaga
622 1725 795 1756 inimicum
819 1725 947 1756 domini
970 1725 1191 1763 Marchionis,
1217 1731 1251 1757 ut
1274 1736 1342 1767 pax
1365 1726 1462 1756 fieret
1485 1726 1575 1756 inter
1598 1735 1665 1757 eos.

452 1778 515 1810 Die
538 1778 624 1822 jovis
648 1786 736 1809 xxv1
761 1778 847 1809 dicti
871 1778 996 1810 mensis
1020 1779 1219 1821 congregati
1244 1784 1319 1810 sunt
1345 1779 1390 1809 ad
1413 1778 1660 1820 parlamentum
1691 1778 1724 1809 in
1749 1777 1851 1810 domo
1876 1778 2005 1811 domini
2033 1779 2194 1824 ‚Cuchetti

367 1830 410 1861 de
435 1831 604 1874 Lignagog
629 1831 664 1861 in
688 1831 833 1872 quadam
857 1840 939 1861 vero
965 1840 1100 1861 camera
1124 1836 1291 1862 steterunt
1314 1830 1470 1862 dominus
1485 1831 1652 1862 Mastinus
1679 1837 1712 1862 et
1736 1831 1892 1863 dominus
1916 1830 2085 1869 Marchio,
2103 1837 2138 1863 et
2158 1831 2193 1862 in

367 1883 431 1914 alia
457 1893 592 1914 camera
615 1883 770 1915 dominus
795 1883 907 1914 Guido
933 1883 976 1914 de
1002 1883 1164 1926 Goncaga
1189 1893 1264 1914 cum
1290 1883 1428 1915 domino
1454 1883 1634 1915 Fulchetto
1657 1883 1889 1915 ambaxiatore
1913 1883 2043 1915 domini
2066 1883 2194 1915 Luchi-

366 1936 400 1966 ni
425 1936 656 1974 Vicecomitis,
681 1936 738 1978 qui
761 1936 863 1967 etiam
886 1935 1054 1967 tractabat
1077 1946 1199 1977 pacem
1222 1936 1311 1968 inter
1334 1936 1520 1978 predictos,
1554 1942 1587 1967 et
1618 1936 1769 1967 similiter
1800 1936 1955 1968 dominus
1979 1936 2194 1968 Conradinus

367 1989 409 2020 de
433 1989 609 2021 Cavrianis
634 1989 676 2020 de
702 1988 858 2026 Mantua3
883 1995 934 2020 set
956 1988 990 2019 in
1015 1988 1071 2020 die
1097 1989 1190 2021 dicto
1215 1989 1320 2020 nichil
1344 1989 1473 2020 factum
1497 1990 1572 2021 fuit.
1616 1988 1698 2020 Alio
1721 1989 1788 2027 die,
1812 1988 1943 2021 scilicet
1967 1989 2022 2020 die
2045 1989 2192 2027 veneris,

364 2053 494 2074 summo
518 2052 628 2081 mane,
653 2042 806 2074 dominus
828 2042 995 2074 Mastinus
1019 2042 1077 2073 ivit
1102 2052 1270 2074 cameram
1296 2043 1423 2074 domini
1446 2043 1659 2074 Marehionis
1683 2042 1726 2073 ad
1753 2042 1904 2074 strictum
1930 2042 2108 2074 consilium
2132 2053 2194 2084 per

366 2095 462 2126 unius
486 2096 568 2127 hore
592 2096 752 2137 spatium;
778 2095 902 2127 deinde
927 2095 1074 2127 adcessit
1106 2096 1150 2126 ad
1175 2096 1352 2127 consilium
1376 2106 1454 2126 cum
1486 2095 1533 2127 eis
1557 2095 1715 2127 dominus
1741 2095 1927 2127 Fulchinus
1950 2095 2135 2137 predictus,
2160 2100 2195 2126 et

365 2149 459 2180 circa
481 2149 599 2179 horam
622 2148 752 2180 tertiam
778 2148 941 2180 miserunt
964 2148 1137 2179 dominum
1162 2148 1364 2180 Fulchinum
1389 2149 1432 2179 acl
1456 2150 1569 2180 locum
1592 2148 1651 2180 ubi
1675 2154 1748 2180 erat
1771 2148 1926 2179 dominus
1950 2148 2074 2186 Guido,
2092 2157 2192 2190 quem

366 2201 537 2232 dominum
562 2201 756 2233 Guidonem
781 2201 936 2232 dominus
959 2200 1146 2232 Fulchinus
1178 2201 1341 2233 conduxit
1365 2202 1408 2233 ad
1433 2211 1602 2234 cameram
1627 2201 1660 2232 in
1684 2211 1750 2243 qua
1773 2207 1870 2232 erant
1897 2201 2052 2233 dominus
2075 2201 2193 2233 Masti-

365 2265 427 2286 nus
451 2261 485 2286 et
509 2255 662 2286 dominus
686 2254 845 2286 Marchio
869 2261 903 2286 et
925 2254 1076 2286 breviter
1099 2265 1165 2296 pax
1189 2255 1284 2286 facta
1299 2260 1348 2286 est
1372 2255 1461 2286 inter
1478 2265 1536 2286 eos
1560 2264 1636 2286 cum
1655 2255 1758 2285 certis
1773 2254 1903 2295 pactis;
1929 2253 2025 2286 etsie
2050 2263 2191 2286 concor-

366 2307 453 2339 diter
476 2308 591 2348 pransi
615 2308 760 2339 fuerunt.
809 2307 949 2348 Sumpto
972 2307 1130 2348 prandio,
1155 2307 1297 2349 quilibet
1320 2307 1444 2338 redivit
1467 2307 1594 2348 patrias
1618 2317 1704 2338 suas,

452 2360 583 2391 Eodem
606 2360 794 2398 millesimo,
810 2369 861 2391 xit
885 2359 1085 2391 novembris.
1110 2360 1274 2391 Dominus
1289 2360 1455 2391 Mastinus
1472 2360 1515 2391 de
1539 2360 1571 2391 la
1589 2359 1692 2392 Scala
1715 2359 1774 2391 ivit
1798 2365 1943 2391 castrum
1967 2369 2062 2390 suum
2079 2359 2194 2391 Hosti-

364 2413 418 2450 lie,
443 2412 500 2444 ubi
523 2413 744 2445 adcesserunt
767 2413 811 2444 ad
834 2412 1079 2454 parlamentum
1105 2412 1260 2444 dominus
1285 2413 1398 2444 Guido
1416 2411 1459 2444 de
1485 2413 1657 2455 Goncaga,
1683 2412 1837 2444 dominus
1860 2412 1985 2444 Paulus
2010 2412 2053 2443 de
2076 2412 2109 2443 la
2125 2411 2192 2442 Mi-

364 2465 506 2497 randula
519 2465 546 2502 3;
564 2466 665 2497 etiam
688 2465 734 2497 ibi
758 2475 896 2508 presens
912 2465 976 2496 fuit
991 2476 1044 2496 ser
1060 2465 1183 2497 Petrus
1201 2467 1243 2498 de
1262 2465 1375 2497 Fabro
1393 2465 1616 2508 cancellerius
1632 2465 1759 2496 domini
1776 2465 1981 2496 marchionis
1997 2464 2160 2507 Obiconis
2170 2464 2192 2503 ⁴,

365 2519 421 2561 qui
445 2519 660 2560 procurabat,
685 2519 777 2561 quod
801 2518 959 2550 dominus
982 2518 1107 2550 Paulus
1130 2519 1305 2560 predictus
1321 2519 1513 2550 restitueret
1530 2518 1668 2550 domino
1692 2517 1885 2549 Marehioni
1912 2523 2057 2549 castrum
2074 2517 2193 2549 Sancti

458 2654 496 2679 17,
515 2649 576 2679 dopo
596 2648 727 2672 liberatus
747 2648 824 2672 MUR.
839 2655 899 2680 agg.
924 2649 951 2672 et
963 2660 974 2666 ·
987 2649 1126 2672 Dominus
1139 2649 1267 2672 Marchio
1281 2656 1340 2680 agg.
1360 2650 1389 2672 in
1408 2649 1431 2672 A
1448 2648 1666 2675 sull'interlineo,
1685 2648 1715 2670 di
1728 2648 1819 2678 prima
1838 2655 1913 2670 mano
1934 2660 1964 2664 —
1985 2653 2027 2677 31.
2047 2647 2132 2671 etiam
2150 2647 2194 2673 A,-

365 2691 393 2714 et
412 2690 526 2714 BMUR.
546 2703 556 2707 -
575 2689 712 2721 predictos
733 2691 774 2717 A,·
795 2690 886 2714 dictos
905 2690 1017 2715 BMun.
1040 2703 1067 2707 --
1088 2689 1128 2722 36.
1151 2692 1210 2728 erat
1229 2691 1344 2714 BMUR.

454 2776 460 2792 ¹
481 2777 604 2802 Secondo
631 2778 650 2801 il
679 2777 774 2802 Chr-on.
800 2777 909 2805 Mutin..
935 2778 993 2806 XV,
1021 2787 1046 2810 p.
1074 2784 1131 2809 132,
1158 2785 1251 2802 nuova
1394 2778 1404 2792 ⁴
1424 2779 1519 2802 Pietro
1539 2779 1585 2802 dei
1599 2779 1699 2802 Fabbri
1712 2778 1855 2801 risiedette
1868 2777 1984 2808 qualche
1998 2776 2194 2809 tempoaMo-

365 2819 442 2848 ediz.,
461 2819 506 2843 εῑὸ
525 2819 639 2843 sarebbe
658 2822 799 2843 avvenuto
819 2820 839 2843 il
866 2826 896 2844 21
925 2820 1087 2845 settembre:
1114 2828 1140 2843 v.
1166 2822 1252 2843 anche
1305 2820 1376 2844 dena
1395 2820 1427 2844 ed
1441 2818 1454 2844 ὲ
1467 2821 1553 2844 citato
1567 2821 1598 2844 in
1617 2818 1663 2851 pii:
1679 2820 1838 2843 documenti
1852 2818 1895 2842 dei
1915 2818 2067 2841 Memoriali
2078 2817 2194 2841 neu’Ar-

327 2869 336 2874 ·
366 2859 457 2889 Apro,
477 2861 566 2884 Storia
586 2862 616 2884 di
632 2861 737 2889 Parma,
757 2862 804 2891 IV,
824 2868 885 2893 325.
1306 2862 1403 2885 chivio
1423 2862 1549 2886 notan-ile.
1586 2862 1607 2885 11
1626 2869 1641 2892 4
1661 2861 1782 2892 germaio
1799 2866 1866 2891 1350
1879 2861 1974 2884 Pietro
1993 2860 2037 2883 dei
2051 2859 2151 2884 Fabbri
2164 2859 2192 2882 fu

453 2901 503 2926 211
523 2904 591 2926 fatto
611 2904 730 2927 secondo
750 2904 770 2927 il
801 2903 894 2927 Chr-on.
922 2903 1031 2932 Manu„
1057 2903 1115 2932 XV,
1142 2911 1166 2935 p.
1194 2909 1251 2933 137,
1307 2904 1481 2927 mandatario
1509 2903 1537 2926 di
1563 2903 1666 2927 Obizzo
1685 2902 1783 2926 d'Este
1809 2910 1855 2933 per
1883 2902 1985 2925 trattar
2004 2901 2029 2924 la
2054 2901 2114 2932 lega
2139 2908 2192 2924 con

367 2952 459 2968 nuova
479 2945 558 2971 ediz.,
577 2945 689 2968 sarebbe
708 2946 841 2969 accaduto
862 2947 963 2969 invcce
981 2953 997 2969 a
1018 2946 1204 2977 Msirtinengo.
1307 2945 1405 2970 Mafl'eo
1425 2943 1551 2968 Ber-nabo
1570 2951 1584 2967 e
1605 2945 1738 2968 Galeazzo
1757 2944 1896 2968 Visconti.
1932 2942 1976 2968 Cf.
1997 2943 2192 2971 Cim-Auerna,

454 2984 463 2999 ³
484 2986 569 3010 Paolo
590 2987 658 3010 Pico
678 2987 754 3010 della
774 2987 946 3016 Mirandola3
968 2995 994 3010 v.
1013 2994 1030 3010 a
1051 2994 1075 3018 p.
1105 2993 1160 3018 193,
1181 2995 1207 3010 n.
1231 2994 1251 3010 1.
1306 2987 1408 3009 Nott'm'e
1426 2986 1532 3009 relative
1550 2993 1566 3008 α
1585 2986 1709 3012 Ferrara.
1732 2984 1805 3017 1864,
1826 2993 1850 3017 p.
1875 2989 1931 3015 173.

2224 830 2261 861 10

2222 1093 2258 1124 15

2219 1357 2260 1387 20

2217 1883 2258 1914 30

2216 2147 2256 2179 35

2217 2412 2258 2443 40

2224 2824 2254 2842 10
