2360 3603
201 391 291 411 ‹2133›

176 1654 249 1675 Mun„
264 1654 302 1676 464

198 1817 218 1832 c.
232 1817 292 1835 153¹!

320 2645 350 2661 10

321 2857 348 2881 15

999 245 1310 282 CHRONICON
1339 245 1567 280 ESTENSE

1897 247 1979 285 [ΛΑ.
2000 251 2192 286 iaso-1351]

463 380 597 411 Eodem
620 379 799 410 millesimo
824 378 879 409 die
904 376 995 408 xxn⁰
1019 377 1103 409 dicti
1127 377 1262 408 mensis.
1308 376 1412 408 Cives
1435 382 1470 407 et
1492 375 1639 417 populus
1661 374 1778 406 Padue
1802 375 1982 417 eligerunt,
2004 382 2037 407 et
2067 376 2192 407 consti-

374 439 509 465 tuerunt
533 431 707 463 dominum
731 431 847 462 Padue
873 436 937 462 etc.
963 430 1135 462 dominum
1158 429 1360 471 Jacobinum
1385 429 1526 460 fratrem
1551 427 1719 460 antedicti
1735 426 1864 459 domini
1879 428 2013 470 jacobi,
2029 434 2064 460 et
2087 430 2192 461 Fran-

377 487 505 517 ciscum
530 484 601 515 eius
624 485 728 515 filium
752 489 817 514 etc.

462 538 593 569 Eodem
617 537 807 573 millesimo,
832 537 888 568 die
913 536 1062 566 xxvnnO
1085 535 1211 566 mensis
1242 534 1445 566 decembris.
1491 534 1658 565 Dominus
1689 533 1864 564 Bernabos
1887 532 2095 565 Vicecomes
2117 534 2192 566 Me-

375 591 504 623 diolani
530 601 607 621 cum
631 589 725 621 circa
747 594 798 620 Vic
836 589 1052 631 equestribus
1076 588 1316 630 equitaverunt
1339 597 1458 618 versus
1487 586 1677 618 Bononiam
1693 585 1712 617 ¹.
1758 586 1859 617 Tunc
1883 587 2024 618 recessit
2055 587 2097 618 de
2127 587 2192 618 Βο-

375 645 479 676 nonia
502 643 660 675 dominus
684 643 813 683 Galeae
837 643 909 673 eius
932 642 1039 673 frater
1062 641 1224 678 infirmus,
1248 646 1280 671 et
1303 640 1476 682 ingressus
1499 646 1549 670 est
1572 639 1818 670 Mediolanum.

461 697 592 728 Eodem
615 695 832 727 millesimo².
880 694 965 725 Cum
988 694 1145 725 dominus
1168 704 1282 725 comes
1305 693 1536 725 Romandiole
1561 692 1754 723 antedictus
1777 693 1812 723 in
1830 691 2006 724 obsidione
2025 703 2127 734 super
2143 693 2194 724 di-

373 750 494 781 strictu
518 749 674 781 Bononie
698 759 760 790 per
783 758 833 779 vn
857 758 992 778 menses
1014 747 1172 784 stetisset,
1197 746 1375 778 discordia
1397 745 1544 776 maxima
1567 745 1676 776 crevit
1698 745 1787 776 inter
1817 745 1987 776 dominum
2019 746 2194 784 Comitem,

375 810 408 834 et
430 803 515 834 alios
538 802 793 843 stipendiarios,
818 802 896 843 quia
912 799 1127 841 stipendiarii
1144 799 1292 841 predicti
1309 798 1471 841 petebant
1486 799 1529 830 ab
1547 808 1587 829 eo
1603 808 1710 840 pagas
1733 804 1766 829 et
1782 798 1941 830 denarios
1957 808 2084 836 eorum,
2101 800 2194 842 quod

374 855 535 897 consequi
559 865 627 886 non
651 859 810 895 poterant
833 859 972 895 propter
994 853 1231 894 impotentiam
1256 852 1409 888 Comitis,
1441 851 1600 882 Ecclesia
1630 860 1712 882 vero
1743 850 1849 882 verba
1878 852 1984 883 multa
2012 851 2192 891 offerebat,
2219 852 2227 882 l

373 909 507 940 scilicet
530 907 688 939 dominus
711 907 816 948 Papa,
840 907 886 938 ad
910 907 1007 937 cuius
1029 905 1231 947 petitionem
1255 905 1366 936 omnia
1383 909 1597 936 exercuerat.
1643 902 1791 940 Accidit,
1808 904 1901 945 quod
1916 904 2052 945 quidam
2077 904 2192 937 Theo-

372 963 506 994 tonicus
528 961 664 993 nomine
688 959 890 996 ssrocardus,
915 970 992 991 cum
1017 959 1093 990 aliis
1116 958 1201 990 dicti
1224 959 1394 990 exercitus
1416 962 1650 989 tractaverunt
1666 967 1742 988 cum
1760 957 1897 988 domino
1913 957 2116 989 Bernabove
2133 957 2193 989 Vi-

374 1014 542 1046 cecomite
567 1013 705 1045 domino
728 1013 882 1044 Bononie
905 1013 1084 1044 restituere
1107 1011 1173 1043 sibi
1198 1012 1284 1043 duos
1308 1011 1394 1042 filios
1417 1010 1548 1042 domini
1564 1009 1730 1051 Johannis
1753 1010 1796 1041 de
1821 1009 1961 1050 Pepulis
1985 1016 2191 1047 carceratos,

373 1067 400 1098 si
424 1067 583 1099 dominus
606 1065 781 1097 Bernabos
804 1065 951 1097 solveret
975 1065 1024 1096 eis
1048 1075 1164 1107 pagas,
1188 1075 1273 1106 quas
1296 1064 1454 1105 recipere
1477 1062 1652 1094 debebant
1675 1073 1695 1093 a
1724 1062 1869 1099 Comite‚
1899 1069 1933 1094 et
1962 1063 2063 1095 etiam
2093 1063 2192 1095 resti-

374 1128 468 1152 tuere
492 1119 558 1151 sibi
582 1120 685 1150 filium
710 1119 839 1150 domini
854 1118 978 1160 Jacobi
1002 1123 1218 1149 carceratum
1243 1117 1285 1149 de
1309 1116 1459 1158 Pepufis,
1484 1122 1517 1147 et
1542 1115 1697 1147 Castrum
1720 1115 1830 1146 sancti
1854 1114 1962 1147 Petri:
1988 1116 2032 1147 de
2064 1116 2186 1158 quibus
2213 1118 2222 1148 Ι

372 1173 528 1204 omnibus
552 1173 617 1204 fuit
641 1177 823 1203 contentus
847 1171 1006 1203 dominus
1028 1170 1206 1202 Bernabos
1228 1170 1419 1211 adimplere
1449 1168 1510 1200 tali
1542 1169 1658 1206 modo,
1690 1168 1783 1210 quod
1813 1169 1858 1200 ad
1888 1178 2028 1210 presens
2058 1168 2194 1200 volebat

371 1226 439 1257 illis
462 1227 545 1257 dare
568 1226 702 1256 tertiam
727 1231 858 1266 partem
882 1224 1112 1260 denariorum,
1137 1223 1262 1255 deinde
1286 1222 1330 1254 ad
1354 1228 1484 1254 certum
1507 1222 1687 1253 terminum
1712 1222 1844 1253 tertiam
1867 1228 2011 1262 partem,
2033 1222 2132 1253 etsie
2150 1223 2192 1253 de

372 1279 507 1315 ultima;
531 1285 643 1310 tamen
667 1278 694 1309 si
718 1279 782 1308 hoc
807 1287 875 1308 non
891 1276 1107 1318 adimpleret,
1130 1275 1338 1307 admictebat
1354 1276 1496 1316 primam
1513 1274 1647 1306 tertiam
1671 1280 1820 1315 partem;
1838 1280 1919 1306 tunc
1936 1273 2092 1306 dominus
2107 1274 2192 1306 Bro-

372 1332 496 1363 cardus
518 1331 579 1362 ivit
603 1330 803 1362 Bononiam.

1188 1437 1376 1471 MCCCLI.
2211 1438 2230 1468 2

459 1537 509 1568 De
535 1546 649 1567 mense
673 1535 795 1566 martii.
843 1533 1008 1565 Dominus
1032 1532 1200 1564 Mastinus
1224 1533 1266 1564 de
1289 1532 1323 1563 la
1347 1531 1450 1563 Scala
1474 1530 1641 1562 conduxit
1658 1530 1817 1562 comitem
1833 1530 1991 1562 Landum
2009 1537 2043 1563 et
2067 1531 2190 1564 ducem

375 1588 624 1621 Guarnerium³
648 1590 692 1620 ad
716 1588 786 1619 eius
809 1587 982 1619 servitium
1007 1593 1040 1617 et
1063 1586 1246 1627 stipendia.

460 1643 592 1673 Eodem
615 1641 806 1677 millesimo,
831 1640 886 1672 die
911 1649 986 1670 xxv
1009 1639 1133 1670 mensis
1149 1638 1272 1670 martii.
1318 1638 1442 1670 Comes
1457 1636 1698 1669 Ro'mandiole
1714 1636 1856 1678 aplicuit
1872 1636 2075 1675 Ferrariam,
2091 1646 2193 1668 causa

373 1695 476 1726 eundi
500 1694 674 1726 Veronam
698 1694 742 1725 ad
766 1693 1015 1734 parlamentum
1043 1702 1117 1723 cum
1144 1691 1281 1723 domino
1305 1690 1466 1722 Mastino.

461 1748 592 1779 Eodem
616 1746 812 1783 millesimo,
836 1746 891 1777 die
916 1744 1063 1776 xxvnn⁰
1086 1744 1210 1781 martii,
1233 1744 1392 1785 inceptus
1416 1748 1467 1775 est
1498 1752 1593 1784 pons,
1625 1743 1681 1784 qui
1714 1749 1765 1774 est
1794 1743 1829 1774 in
1853 1743 1966 1775 medio
1989 1742 2192 1784 palatiorum
2215 1742 2256 1774 25

374 1801 502 1833 domini
526 1799 763 1832 Marchionis!

461 1854 593 1885 Eodem
616 1853 795 1885 millesimo
820 1859 853 1884 et
883 1863 997 1884 mense
1022 1851 1145 1883 martii.
1192 1850 1358 1882 Dominus
1389 1859 1505 1881 comes
1536 1849 1765 1881 Romandiole
1797 1848 1938 1881 veniens
1969 1849 2011 1881 de
2042 1849 2194 1886 Verona,

372 1907 527 1938 transivit
550 1917 612 1947 per
636 1905 831 1938 Ferrariam
855 1912 890 1937 et
912 1905 976 1936 ivit
999 1904 1219 1941 Florentiam,
1244 1903 1370 1935 deinde
1394 1902 1611 1934 Avinionem.

462 1960 594 1991 Eodem
617 1959 806 1990 millesimo.
853 1959 1017 1989 Dominus
1033 1958 1209 2000 Johannes
1232 1958 1275 1988 de
1300 1956 1543 1998 Pancatichis⁴
1567 1956 1609 1987 de
1633 1954 1779 1988 Pistorio
1803 1966 1880 1987 cum
1897 1956 1965 1987 suis
1989 1955 2194 1988 Ghibellinis

374 2012 596 2054 expulserunt
619 2018 714 2044 extra
738 2011 908 2042 civitatem
935 2011 1109 2042 dominum
1133 2010 1324 2052 Ricardum
1349 2010 1392 2040 de
1417 2008 1643 2041 Cancelleriis
1667 2008 1711 2040 de
1734 2007 1881 2040 Pistorio
1896 2007 1906 2025 ⁵
1923 2009 2113 2040 Florentini
2129 2009 2196 2040 hoc
2217 2008 2260 2040 30

374 2066 562 2102 audientes,
585 2065 771 2096 timuerunt
794 2074 836 2095 ne
860 2064 962 2096 Cives
983 2063 1204 2105 pistorienses
1228 2063 1403 2095 traderent
1426 2063 1597 2094 civitatem
1623 2061 1896 2093 Vicecomitibus
1920 2060 2122 2099 Mediolani,
2137 2061 2196 2104 qui

462 2203 486 2228 6.
507 2203 672 2228 Galeazium
692 2203 770 2228 Mun.
790 2217 821 2219 —
842 2202 866 2227 S.
886 2203 1031 2227 stetissent
1049 2202 1123 2230 AB;
1142 2202 1254 2226 stetisse
1273 2201 1351 2226 Mun.
1372 2214 1404 2218 —
1423 2208 1447 2233 9.
1473 2200 1559 2232 quod]
1579 2208 1646 2232 quos
1667 2201 1743 2225 Mun.
1763 2213 1796 2218 ——-
1819 2207 1857 2224 10.
1876 2202 1989 2232 poterat
2014 2200 2076 2224 AB
2098 2212 2132 2216 —
2154 2206 2192 2223 11.

375 2246 486 2277 quidem
506 2246 529 2269 A
542 2247 568 2270 Β
587 2259 619 2262 —
639 2252 679 2277 27.
701 2245 854 2269 millesimo
875 2247 901 2269 et
919 2253 967 2268 om.
986 2244 1065 2269 MUR.
1086 2258 1117 2262 —-
1138 2250 1179 2275 31.
1200 2250 1257 2267 non
1278 2242 1423 2267 traderant
1441 2243 1466 2266 Α
1485 2251 1530 2267 con
1551 2250 1608 2266 non
1628 2243 1737 2267 cancell.
1756 2250 1801 2267 con
1820 2251 1852 2266 un
1872 2243 1934 2273 rigo

375 2347 402 2371 la
422 2355 494 2379 pone
509 2349 606 2371 invece
620 2347 646 2371 al
660 2353 691 2378 25
708 2347 847 2371 dieembre
860 2347 892 2371 ed
908 2346 978 2371 altre
994 2347 1068 2370 sonti
1082 2346 1108 2370 al
1123 2353 1154 2370 22
1170 2348 1259 2370 stesso

376 2397 448 2413 mese
467 2397 480 2413 e
500 2390 616 2421 persino
633 2390 654 2413 il
677 2395 706 2419 17
720 2390 852 2421 germaio.
890 2389 1050 2420 L'epitaffio
1065 2389 1109 2413 del
1129 2388 1259 2412 Petrarca

376 2432 410 2455 ha
429 2432 457 2456 la
477 2432 542 2455 data
558 2439 588 2463 19
603 2433 741 2456 dicembre
758 2438 831 2463 1350,
847 2432 883 2456 ef.
898 2432 927 2455 B.
940 2431 1123 2458 Seianaomz,
1134 2432 1178 2455 De
1191 2432 1259 2455 anti-

375 2474 475 2504 quitate
495 2474 566 2497 urbis
585 2473 708 2501 Patavii.
728 2473 848 2502 Basileu,
870 2472 943 2503 1560,
964 2480 990 2504 p.
1005 2471 1064 2496 282.
1101 2471 1152 2495 Per
1172 2471 1206 2496 G.
1225 2471 1260 2495 da

377 2515 495 2539 Cari-ara
516 2516 610 2539 vedasi
632 2516 663 2538 V.
683 2515 804 2544 FmsoN,
825 2516 851 2539 ll
864 2515 1019 2545 principczto
1038 2515 1068 2538 di
1090 2515 1214 2539 Giacomo
1229 2515 1264 2538 ll

376 2558 410 2580 da
433 2558 556 2581 Carrara
575 2558 684 2589 signore
703 2559 732 2581 di
749 2559 863 2581 Padova
889 2566 934 2581 con
960 2557 1105 2587 appendice
1131 2565 1143 2580 e
1169 2557 1260 2581 albero

373 2600 550 2630 genealogica
569 2600 641 2623 della
654 2600 791 2631 samiglt'a
811 2601 845 2623 da
867 2599 999 2623 Carrara.
1019 2597 1161 2631 Legnago,
1185 2597 1259 2628 1906.

466 2642 472 2657 ¹
494 2642 621 2665 Secondo
642 2642 662 2664 il
684 2643 776 2665 Chron.
795 2641 891 2666 lllutx'n.
910 2641 940 2673 (l.
960 2639 1018 2673 c.)i
1040 2641 1160 2664 rinforzi
1175 2641 1259 2664 costi-

378 2685 445 2706 tuiti
466 2684 500 2706 da
522 2682 588 2706 1800
607 2683 713 2707 soldati
733 2691 747 2707 e
765 2683 800 2707 da
822 2690 890 2707 1000
907 2684 1066 2715 guastatori
1087 2683 1223 2714 giunsero
1237 2683 1257 2706 il

379 2724 410 2747 28
430 2725 578 2748 dicembre.
1168 2727 1170 2731 ’

465 2765 475 2780 ²
495 2767 575 2790 Nelle
596 2767 672 2790 fonti
691 2766 844 2797 Bolognesi
863 2766 977 2798 (Corpus
1004 2765 1098 2790 Chron.
1118 2767 1209 2789 bonon.
1228 2765 1258 2789 in

380 2810 442 2832 RH.
460 2809 497 2833 ll.
512 2809 569 2838 SS„
591 2808 690 2837 XVIII,
709 2809 738 2832 P.
756 2815 776 2835 1,
796 2816 841 2841 pp.
861 2816 915 2840 3—4,
937 2816 962 2831 n.
982 2807 1036 2838 ed.)
1051 2808 1077 2832 le
1091 2808 1196 2832 notizie
1210 2807 1259 2831 che

379 2857 503 2881 seguono
522 2851 543 2873 si
564 2852 685 2874 trovano
706 2852 783 2873 sotto
804 2850 830 2873 la
850 2851 914 2874 data
934 2849 978 2873 del
998 2849 1126 2873 sebbi-aio
1149 2855 1225 2880 1351.

466 2892 476 2908 ³
495 2892 631 2923 XVirtiger
650 2892 678 2915 di
706 2891 821 2915 Landau
843 2899 857 2915 e
882 2891 1034 2916 Guarnieri
1059 2890 1250 2922 d’Urslingen.

465 2933 476 2948 ⁴
496 2934 592 2964 Figlio
613 2934 642 2957 di
662 2935 855 2965 Vinciguerra,
874 2940 945 2957 resse
971 2933 1131 2964 podesterie
1157 2934 1185 2956 in
1210 2932 1260 2956 Pe-

379 2975 460 3006 rugia
479 2983 492 2998 e
513 2977 541 2998 in
561 2976 667 2998 Arezzo
687 2975 764 3006 negli
784 2976 851 2999 anni
877 2981 939 3007 1337
965 2983 978 2998 e
1006 2975 1087 3006 13383
1113 2974 1187 3005 dopo
1212 2974 1259 2997 l’e-

379 3017 524 3049 spulsione
552 3017 624 3040 della
651 3017 764 3040 fazione
790 3017 834 3040 dei
861 3016 1033 3041 Cancellieri
1064 3023 1113 3047 per
1140 3016 1259 3046 qualche

1312 2347 1406 2377 tempo
1426 2343 1501 2369 resto
1521 2346 1600 2376 quasi
1620 2345 1750 2369 assoluto
1770 2345 1949 2368 dominatore
1964 2344 1993 2368 di
2005 2344 2124 2372 Pistoia,
2139 2343 2196 2368 fino

1314 2395 1328 2411 a
1348 2388 1397 2411 che
1416 2386 1567 2411 Ricciardo
1587 2385 1767 2415 Cancellieri,
1787 2387 1870 2416 esule,
1889 2394 1942 2410 eon
1956 2386 2058 2410 1¹aiuto
2072 2386 2117 2410 dei
2129 2386 2197 2410 Fio-

1313 2430 1420 2454 rentini
1448 2428 1513 2462 pote
1541 2430 1679 2452 rientrare
1705 2430 1734 2452 in
1759 2430 1862 2461 patria.
1898 2428 1996 2452 Morto
2022 2429 2052 2451 in
2078 2427 2196 2451 Firenze

1314 2473 1411 2496 l’anno
1442 2476 1516 2504 1355.
1553 2470 1584 2495 L.
1613 2470 1802 2499 CHIAPPELm,
1833 2471 1915 2496 Studi
1940 2471 2035 2495 storici
2060 2469 2196 2499 Pistoiesi,

1312 2521 1360 2546 pp.
1379 2512 1450 2546 85-6‚
1471 2513 1581 2537 Pistoia
1604 2520 1678 2544 ¹919·

1399 2554 1409 2570 ⁵
1428 2555 1526 2587 Figlio
1545 2555 1573 2579 di
1595 2556 1726 2579 Lazzaro.
1762 2555 1802 2578 Fu
1823 2553 1944 2586 podesta
1962 2562 1976 2578 e
1996 2555 2131 2586 capitano
2151 2553 2194 2578 del

1313 2597 1424 2630 Popolo
1444 2598 1474 2621 in
1495 2597 1640 2628 parecchie
1658 2595 1738 2620 citta.
1774 2596 1829 2619 Dal
1849 2596 1976 2621 Comune
1990 2596 2020 2620 di
2034 2596 2152 2620 Firenze
2165 2595 2196 2620 di

1313 2640 1358 2663 cui
1377 2640 1408 2663 fu
1428 2639 1604 2663 fedelissimo
1623 2639 1691 2663 ebbe
1710 2639 1795 2662 onori
1814 2646 1827 2662 e
1853 2638 2000 2670 privilegi.
2038 2638 2195 2661 Nominato

1313 2682 1347 2706 da
1367 2682 1588 2707 Aldobrandino
1607 2681 1699 2705 d'Este
1713 2679 1829 2712 podesta
1849 2688 1862 2704 e
1875 2681 2009 2712 capitano
2022 2680 2053 2704 di
2064 2672 2195 2709 Modern,

1314 2723 1383 2747 duro
1404 2725 1432 2746 in
1453 2724 1509 2747 tale
1529 2723 1622 2747 ufficio
1642 2722 1687 2746 dal
1702 2728 1733 2753 25
1748 2722 1839 2753 luglio
1856 2727 1923 2753 1354
1936 2729 1985 2753 per
1998 2723 2114 2753 quattro
2128 2722 2194 2745 anni

1312 2773 1326 2789 e
1345 2772 1439 2789 mezzo
1458 2765 1541 2789 circa.
1578 2764 1663 2789 Passo
1683 2764 1710 2787 di
1731 2764 1780 2796 poi
1794 2771 1808 2787 a
1822 2764 1946 2788 militare
1960 2765 2005 2795 pei
2024 2763 2196 2794 Fiorentini,

1312 2809 1359 2839 poi
1381 2809 1571 2830 nuovamente
1591 2807 1617 2830 al
1636 2806 1756 2830 servizio
1776 2805 1804 2829 di
1825 2813 1889 2829 casa
1907 2805 2001 2829 d'Este
2021 2807 2049 2829 in
2064 2804 2194 2829 onorifici

1312 2850 1344 2873 ed
1365 2850 1532 2881 importanti
1553 2849 1691 2872 incarichi
1712 2848 1795 2871 civili
1814 2855 1828 2871 e
1848 2848 1977 2871 militari.
2003 2845 2075 2870 Mor)
2089 2849 2117 2870 in
2132 2846 2194 2870 Fer-

1313 2898 1374 2914 rara
1395 2891 1415 2914 il
1437 2890 1468 2914 28
1488 2897 1581 2914 marzo
1605 2889 1670 2922 1378
1689 2897 1702 2913 e
1722 2887 1785 2912 colit
1807 2889 1881 2913 nella
1905 2889 2000 2913 chiesa
2025 2889 2068 2912 dei
2096 2887 2193 2911 Predi-

1313 2934 1402 2956 eatori
1425 2933 1535 2965 sepolto
1555 2939 1608 2956 con
1629 2932 1758 2964 pomposi
1778 2939 1791 2954 e
1810 2931 1953 2962 magnifici
1979 2929 2111 2954 funerali.
2148 2928 2193 2953 Cf.

1312 2974 1342 2998 E.
1361 2974 1391 2998 P.
1410 2974 1521 3002 V101N1,
1542 2974 1560 2997 l
1573 2973 1690 2998 Pedeseiz
1711 2974 1741 2996 di
1758 2974 1874 2997 i'Uatiena
1895 2972 2055 3003 (1336-1796)
2073 2975 2112 3001 op.
2138 2972 2191 3001 cit.,

1311 3023 1358 3048 pp.
1375 3022 1470 3047 35-39;
1490 3015 1521 3038 L.
1543 3015 1735 3042 campsaim,
1755 3014 1837 3038 studi
1855 3018 1902 3038 etc.
1922 3015 1979 3042 cit„
1998 3021 2044 3045 pp.
2065 3019 2135 3045 504.

2223 2350 2258 2368 20

2223 2560 2253 2586 ²5

2221 2767 2256 2793 30

2221 2978 2251 3004 35
