2360 3603
129 221 212 255 [AA.
233 221 429 254 1334-1335]
759 214 1069 251 CHRONICON
1096 212 1325 250 ESTENSE
1891 211 1959 247 105

130 344 213 376 sium
238 349 272 375 et
295 342 426 374 dimidii
450 353 517 374 non
541 342 668 374 habent
691 342 857 374 auxilium
881 342 1020 373 aliarum
1044 342 1207 384 gentium,
1220 348 1346 374 terram
1371 342 1507 373 tradere
1530 341 1648 373 volunt
1671 341 1807 374 domino
1831 341 1966 385 Acconi

131 396 355 428 Vicecomiti:
381 396 424 427 de
448 405 514 437 quo
539 394 709 428 dederunt
732 395 840 427 bonos
863 396 1060 434 hostaticos‚
1084 395 1131 427 ita
1154 395 1247 437 quod
1271 395 1326 426 die
1350 405 1378 426 11
1403 394 1527 426 mensis
1550 394 1655 426 madii
1671 395 1875 427 recedentes
1889 405 1966 427 cum

129 449 279 481 exercitu
303 448 394 486 inde,
419 449 553 480 iverunt
577 449 620 480 ad
643 454 767 480 terram
791 448 930 480 Caxalis
953 448 1088 480 maioris
1119 448 1163 479 ad
1194 448 1388 489 hospitium.
1434 447 1514 479 Alio
1538 457 1637 479 mane
1661 448 1867 480 transierunt
1897 448 1963 479 Pa-

130 502 220 539 dum,
245 507 279 533 et
303 501 438 532 iverunt
462 501 496 532 in
521 501 679 533 districtu
703 501 817 543 Regii,
842 500 900 532 ubi
923 506 1087 532 steterunt
1109 499 1262 542 pluribus
1287 499 1416 539 diebus,
1442 506 1475 532 et
1498 500 1648 542 dapnum
1671 501 1854 533 maximum
1871 501 1966 533 fece-

86 553 104 585 5
129 560 217 586 runt.
262 554 398 586 Deinde
422 554 626 586 recedentes
649 554 782 585 iverunt
805 554 998 585 districtum
1022 553 1155 585 Mutine
1180 554 1224 585 ad
1248 554 1371 592 locum,
1396 555 1454 595 qui
1478 554 1601 586 dicitur
1624 564 1710 596 pons
1736 553 1837 596 Aque
1863 554 1964 596 longe

128 617 231 649 super
253 607 408 645 Situlam,
431 606 549 649 ibique
573 607 790 639 firmaverunt
812 607 1000 639 exercitum
1023 617 1136 645 suum,
1160 613 1211 638 set
1234 607 1377 638 transire
1401 617 1469 638 non
1494 607 1645 639 valentes
1669 607 1794 639 flumen
1825 614 1966 649 propter

129 660 309 692 maximam
333 671 464 703 aquam,
488 660 582 692 ibant
604 660 766 702 undique,
791 659 1036 692 comburebant
1059 660 1190 697 domos,
1214 666 1248 691 et
1271 659 1490 692 destruebant
1514 659 1614 699 bona,
1631 661 1836 693 occidebant
1860 660 1967 692 homi-

130 723 191 745 nes
222 720 257 745 et
281 713 450 746 mulieres.
496 713 630 746 Deinde
654 714 857 746 recedentes
879 713 1032 745 iverunt'
1064 714 1183 744 iterum
1216 713 1308 745 circa
1338 713 1498 756 Regium,
1523 713 1581 745 ubi
1605 714 1786 746 maximum
1814 714 1963 755 dapnum

129 766 297 804 inferunt;
330 772 364 798 et
394 767 529 798 insimul
565 765 840 798 deliberaverunt
874 766 925 797 ire
956 776 1073 797 versus
1105 766 1278 798 civitatem
1309 765 1442 798 Parme.
1489 766 1627 798 Interim
1659 777 1772 799 rumor
1803 768 1969 799 maximus

68 819 106 850 10
130 819 239 851 crevit
262 819 296 850 in
319 820 482 857 exercitu,
505 819 564 850 ubi
590 824 664 850 erat
687 819 869 850 maximum
893 818 1146 857 tradimentum‚
1171 819 1331 861 quoniam
1348 818 1464 850 Rubei
1480 819 1523 851 de
1540 819 1664 851 Parma
1681 819 1873 852 tractabant
1891 830 1968 851 cum

129 871 358 903 Theotonicis
382 872 562 909 exercitus,
586 872 721 903 tradere
746 871 855 903 dictos
886 871 1042 902 dominos
1074 872 1259 908 exercitu53
1292 877 1417 911 tamen,
1450 871 1538 903 sicut
1568 873 1642 904 Deo
1674 872 1812 914 placuit,
1840 872 1969 904 domini

130 924 297 956 exercitus
320 925 534 966 prescierunt
550 924 804 961 tradimentum3
823 930 1030 966 quapropter
1047 924 1090 956 de
1107 934 1221 956 mense
1236 924 1320 966 junii
1338 934 1456 956 omnes
1472 931 1739 967 segregaverunt
1755 926 1798 957 de
1815 925 1967 967 partibus

129 976 243 1019 Regii,
268 983 386 1009 euntes
417 976 461 1008 ad
493 976 673 1018 hospitium
703 982 851 1008 castrum
883 976 1130 1018 Campicinum‚
1163 976 1228 1008 alio
1260 976 1316 1008 die
1347 978 1392 1008 ad
1423 977 1605 1018 hospitium
1637 984 1783 1009 castrum
1815 977 1969 1017 Berselli,

129 1029 196 1060 alio
220 1029 277 1061 die
301 1030 447 1072 quilibet
469 1029 530 1061 ivit
558 1035 592 1061 et
622 1029 724 1061 rediit
748 1029 791 1060 ad
822 1029 948 1071 patrias
971 1039 1064 1066 suas;
1097 1035 1148 1060 set
1170 1029 1404 1061 Theothonici
1429 1030 1654 1071 prodictores‚
1688 1031 1746 1072 qui
1778 1031 1970 1064 tractabant

68 1080 104 1113 15
129 1081 207 1120 hoc,
232 1088 446 1114 recesserunt
470 1088 503 1113 et
526 1082 660 1113 iverunt
681 1081 839 1113 Parmam
863 1081 906 1113 ad
929 1081 1099 1123 stipendia
1122 1081 1169 1113 ibi
1194 1091 1272 1113 cum
1296 1081 1420 1113 auxilio
1445 1081 1658 1115 Rubeorum.

216 1135 350 1167 Eodem
372 1135 550 1167 millesimo
574 1133 631 1166 die
655 1144 704 1165 xv
725 1134 810 1177 julii.
835 1134 1001 1166 Dominus
1023 1134 1122 1177 Acco
1146 1134 1351 1167 Vicecomes
1374 1136 1513 1167 intravit
1537 1136 1708 1168 civitatem
1737 1137 1906 1169 Cremone
1939 1144 1972 1170 et

127 1186 256 1219 electus
280 1192 333 1219 est
356 1187 512 1219 dominus
536 1186 684 1219 civitatis
708 1192 742 1218 et
765 1186 947 1218 districtus.

216 1240 350 1272 Eodem
374 1239 553 1272 millesimo
577 1240 620 1271 de
645 1248 761 1271 mense
786 1239 946 1272 octubris.
994 1239 1086 1282 Ignis
1108 1240 1274 1271 maximus
1297 1240 1362 1272 fuit
1385 1241 1418 1272 in
1442 1241 1642 1273 stationibus
1666 1241 1758 1274 iuxta
1789 1243 1969 1285 episcopa-

129 1299 210 1331 tum,
235 1299 268 1325 et
291 1299 362 1325 tote
387 1293 561 1325 combuste
585 1300 672 1324 sunt.

67 1347 112 1377 20
223 1344 356 1378 Eodem
379 1345 556 1378 millesimo
581 1351 616 1377 et
639 1355 765 1377 mense.
791 1345 973 1378 Exercitus
997 1346 1125 1378 domini
1139 1346 1279 1379 Mastini
1304 1347 1398 1378 dela
1421 1347 1524 1379 Scala
1540 1353 1612 1379 erat
1629 1348 1722 1380 circa
1738 1355 1885 1381 castrum
1902 1350 1970 1382 Co-

129 1398 227 1431 lorini
251 1400 296 1431 de
320 1399 475 1431 districtu
498 1399 633 1432 Parme.
679 1399 805 1437 Rubei‚
830 1400 888 1442 qui
912 1405 995 1431 tunc
1019 1399 1282 1432 dominabantur
1304 1400 1472 1440 Parmam,
1499 1410 1575 1432 cum
1598 1407 1669 1433 toto
1693 1412 1793 1444 posse
1818 1403 1972 1435 exierunt

129 1451 276 1489 civitate,
301 1456 334 1484 et
357 1451 489 1484 iverunt
505 1452 620 1483 villam
637 1452 774 1483 Turolis
787 1451 796 1468 ¹
820 1452 912 1494 apud
936 1458 1082 1484 castrum
1098 1452 1251 1485 Colorini
1263 1453 1273 1469 ²¹
1290 1463 1351 1495 per
1368 1454 1435 1486 duo
1452 1454 1609 1486 milliaria
1625 1465 1728 1486 causa
1750 1456 1972 1488 succurrendi

131 1510 255 1542 castr03
280 1510 332 1537 set
355 1505 460 1537 nichil
484 1505 623 1547 profuit,
648 1505 728 1547 quia
751 1511 871 1548 gentes
896 1505 1082 1538 existentes
1105 1506 1139 1537 in
1163 1513 1274 1538 castro
1298 1506 1513 1539 tradiderunt
1536 1517 1612 1539 eum
1645 1508 1782 1540 domino
1805 1509 1975 1546 Mastin03

131 1564 163 1589 et
186 1557 234 1589 sic
258 1557 460 1590 Parmenses
482 1556 658 1590 redierunt
680 1558 847 1590 Parmam.

65 1611 105 1643 25
219 1611 350 1643 Eodem
373 1611 552 1643 millesimo
577 1612 620 1643 de
645 1622 762 1643 mense
787 1612 946 1644 octubris.
970 1613 1076 1644 Filius
1099 1613 1193 1656 regis
1216 1613 1400 1656 Mayolice,
1418 1615 1475 1657 qui
1492 1614 1679 1647 vocabatur
1693 1615 1857 1655 Limfant‚
1877 1622 1968 1648 tran-

129 1663 206 1695 sivit
227 1675 291 1705 per
314 1664 484 1696 civitatem
507 1664 674 1702 Ferrarie,
698 1664 817 1696 volens
840 1675 993 1697 remeare
1017 1665 1062 1696 ad
1085 1665 1233 1707 propria.
1279 1666 1416 1698 Domini
1434 1665 1654 1699 Marchiones
1671 1668 1851 1699 maximum
1864 1669 1972 1700 hono-

130 1726 203 1747 rem
225 1716 385 1748 fecerunt
407 1717 438 1747 ei
462 1716 496 1748 in
521 1716 657 1749 civitate
674 1718 702 1750 F
705 1717 844 1756 errarie,
861 1723 896 1750 et
911 1729 975 1759 per
990 1724 1100 1750 totum
1116 1718 1304 1751 districtum
1321 1719 1477 1761 expensis
1494 1719 1706 1752 dominorum
1722 1720 1973 1753 Marchionum.

219 1769 351 1801 Eodem
375 1769 555 1802 millesimo
580 1770 622 1801 de
646 1780 762 1802 mense
780 1770 973 1803 novembris
997 1771 1030 1802 in
1054 1777 1154 1804 nocte
1179 1772 1287 1803 sancti
1309 1771 1461 1810 Andree‚
1485 1773 1574 1816 ignis
1597 1774 1760 1805 maximus
1783 1774 1850 1806 fuit
1874 1785 1974 1816 super

131 1822 336 1855 Pollicinum
360 1823 469 1855 sancti
492 1823 657 1855 Anthonii
681 1824 724 1856 de
749 1824 916 1856 Ferraria.

67 1877 109 1907 30
220 1876 353 1908 Eodem
377 1876 556 1908 millesimo
581 1876 624 1909 de
648 1886 765 1908 mense
789 1877 990 1910 decembris.
1036 1877 1132 1920 Papa
1154 1878 1330 1921 Johannes
1354 1879 1520 1921 expiravit
1543 1880 1577 1911 in
1602 1880 1737 1913 civitate
1762 1880 1938 1913 Avinionis
1951 1880 1973 1913 ³.

219 1929 352 1961 Eodem
376 1928 555 1961 millesimo
580 1935 614 1961 et
636 1939 764 1961 mense.
809 1929 843 1961 A
866 1930 1100 1962 cardinalibus
1123 1931 1252 1964 electus
1276 1938 1325 1964 est
1348 1943 1438 1974 papa
1462 1931 1669 1964 Benedictus
1681 1933 1703 1964 ⁴.

912 2049 1194 2083 MCCCXXXV.

221 2128 285 2161 Die
311 2138 374 2160 xxx
397 2129 550 2173 januarii.
597 2129 761 2162 Dominus
784 2129 973 2162 Niccolaus
997 2131 1150 2163 marchio
1176 2131 1315 2163 estensis
1339 2131 1435 2163 duxit
1457 2131 1492 2162 in
1515 2141 1654 2164 uxorem
1683 2132 1855 2163 dominam
1888 2132 1974 2163 Bea-

137 2181 259 2213 tricem
282 2182 385 2214 filiam
410 2182 539 2215 domini
563 2183 729 2215 Gnidonis
753 2183 797 2215 de
822 2183 987 2226 Goncaga
1010 2183 1045 2214 in
1069 2184 1208 2216 civitate
1232 2184 1400 2222 Ferrarie,
1424 2184 1482 2216 ubi
1505 2184 1630 2216 nobilis
1655 2186 1747 2216 curia
1764 2185 1858 2217 facta
1881 2191 1942 2218 est.

72 2234 111 2266 35
225 2235 356 2267 Eodem
379 2235 556 2268 millesimo
582 2236 625 2268 de
649 2247 764 2269 mense
788 2236 963 2269 februarii.
1010 2238 1130 2269 Frater
1160 2237 1369 2269 Venturinus
1401 2238 1444 2269 de
1475 2238 1642 2280 Bergamo
1675 2238 1802 2270 ordinis
1833 2239 1976 2270 fratrum

137 2287 396 2320 Predicatorum
419 2288 512 2320 venit
534 2289 738 2328 Ferrariam,
762 2288 819 2320 ubi
843 2289 1034 2330 predicavit
1058 2289 1199 2322 verbum
1215 2290 1290 2329 Dei,
1315 2291 1370 2322 cui
1394 2290 1623 2323 interfuerunt
1646 2291 1741 2324 multi
1765 2292 1808 2323 de
1826 2291 1972 2330 civitate,

137 2340 247 2373 taliter
270 2341 363 2382 quod
386 2341 501 2384 aliqua
523 2352 602 2383 pars
626 2351 741 2374 eorum
764 2348 972 2384 receperunt
996 2343 1242 2374 sanctissimam
1259 2343 1405 2375 Crucem
1428 2349 1546 2375 contra
1562 2343 1766 2381 Saracenos3
1786 2350 1819 2376 et
1842 2344 1978 2376 iverunt

140 2403 217 2424 cum
241 2393 334 2426 dicto
359 2393 466 2426 fratre
490 2404 608 2427 omnes
631 2405 738 2437 usque
763 2395 911 2427 Romam
935 2395 1085 2427 confessi
1108 2401 1142 2427 et
1164 2395 1369 2437 penitentes,
1395 2396 1591 2428 deferentes
1615 2396 1649 2427 in
1673 2396 1795 2428 itinere
1821 2403 1899 2429 ante
1916 2407 1976 2429 eos

138 2445 295 2478 Crucem.

75 2499 116 2529 40
227 2499 362 2532 Eodem
385 2499 561 2532 millesimo
586 2500 629 2533 de
652 2510 769 2533 mense
790 2500 884 2543 junii.
908 2500 1045 2533 Domini
1069 2501 1221 2533 marchio
1246 2501 1457 2544 Raynaldus,
1481 2501 1632 2534 marchio
1649 2502 1835 2534 Niccolaus
1852 2502 1975 2535 fratres

229 2618 253 2642 9.
273 2610 399 2636 inferunt
417 2611 460 2639 Α,·
480 2611 636 2636 inferebant
654 2611 732 2636 Mun.
747 2626 778 2629 —
800 2618 841 2643 13.
854 2611 1051 2644 Campicinum
1070 2612 1112 2639 A,·
1132 2611 1307 2643 Campicium
1325 2612 1350 2635 B
1369 2612 1446 2637 Mon.
1460 2625 1470 2630 -
1489 2612 1605 2637 Borselli
1624 2613 1648 2636 A
1668 2626 1700 2630 —
1718 2617 1757 2644 15.
1772 2613 1806 2638 ad
1825 2612 1976 2646 stipendia]

142 2653 277 2684 antipend.
296 2653 320 2676 A
340 2667 372 2671 —
393 2659 436 2678 22.
454 2654 564 2678 Turolis
582 2653 625 2680 A:
644 2653 772 2678 Marollis
791 2654 864 2685 legge
884 2653 961 2678 MUR.
981 2667 991 2671 -
1012 2654 1081 2678 duos
1094 2653 1118 2677 A
1132 2667 1164 2670 —
1178 2659 1218 2685 25.
1239 2653 1367 2678 Limfant
1385 2654 1428 2681 A:
1448 2653 1570 2678 Hinfant
1588 2654 1666 2679 Mun.
1686 2668 1719 2672 —
1738 2662 1780 2688 30.
1799 2655 1842 2678 nel
1859 2656 1978 2687 margine

142 2702 158 2717 a
176 2695 284 2718 sinistra
303 2695 333 2717 di
348 2695 388 2718 A.-
408 2695 449 2719 De
467 2696 558 2719 morte
576 2702 647 2726 pape
661 2695 799 2726 Johannis
813 2709 844 2713 —-
859 2702 901 2726 31.
916 2695 960 2718 nel
971 2696 1091 2727 margine
1109 2695 1140 2718 dx·
1156 2696 1264 2719 sinistra
1283 2696 1314 2718 di
1324 2695 1347 2718 A
1357 2704 1365 2718 .·
1386 2696 1495 2719 Electus
1513 2696 1556 2720 est
1569 2703 1641 2728 papa
1654 2696 1820 2720 Benedictus
1834 2709 1866 2714 —
1881 2703 1921 2728 33.
1936 2696 1980 2719 nel

143 2736 262 2766 margine
281 2736 312 2758 di
327 2736 436 2760 sinistra
455 2737 485 2759 di
501 2737 540 2760 A:
562 2735 724 2768 [Dominu]s
742 2737 892 2761 Niccolaus
911 2736 1036 2761 marchio
1056 2735 1172 2767 [es]tens
1192 2737 1273 2760 duxit
1297 2736 1328 2760 in
1353 2744 1466 2760 uxorem
1485 2735 1653 2768 [domin]am
1672 2738 1826 2762 Beatricem
1845 2737 1877 2761 de
1901 2737 1978 2762 Gon-

100 2781 112 2806 5
143 2783 211 2810 caga
232 2790 263 2794 —
283 2784 325 2809 34.
345 2777 398 2810 est]
418 2777 474 2802 fuit
493 2778 571 2804 Mun.
591 2792 623 2797 —-
642 2785 684 2810 40.
704 2778 842 2810 marchio]
862 2779 1039 2802 marchiones
1059 2778 1136 2802 Mun.
1155 2791 1166 2796 -
1185 2778 1310 2802 marchio
1324 2777 1483 2809 Niccolaus]
1498 2779 1526 2802 et
1544 2779 1677 2803 Nicolaus
1691 2779 1768 2804 Μυκ-

229 2864 236 2880 ¹
257 2865 367 2890 Torrile
386 2873 403 2891 a
424 2874 456 2898 ¹4
474 2867 521 2893 kil.
540 2868 573 2892 N.
593 2868 628 2892 da
651 2867 757 2892 Parma.
1175 2864 1187 2880 ⁴
1207 2866 1360 2890 Benedetto
1379 2865 1439 2896 XII,
1460 2866 1594 2891 Giaeomo
1613 2867 1759 2897 Foumier,
1779 2867 1814 2891 da
1833 2866 1975 2892 Saverdun

232 2905 244 2922 ²
263 2907 386 2932 Colorno
405 2915 422 2932 a
442 2914 470 2940 15
491 2910 538 2934 kil.
558 2910 592 2935 N.
612 2910 646 2934 da
665 2910 773 2934 Parma.
1088 2907 1207 2939 (Contea
1225 2907 1252 2931 di
1272 2907 1352 2938 Foix)
1373 2907 1458 2932 eletto
1479 2909 1522 2932 nel
1540 2909 1642 2939 giorno
1663 2915 1696 2933 20
1714 2909 1862 2934 dicembre.

231 2946 243 2963 3
262 2957 277 2980 4
297 2949 444 2974 dicembre.

2007 2913 2038 2930 10

2041 730 2059 743 c.
2075 724 2124 744 <537

2049 2063 2136 2083 c.88v
