2360 3603
212 366 231 379 c.
247 366 306 384 1⁰7¹!

213 413 287 436 Mun..
303 414 342 436 426

229 2165 248 2178 c.
265 2160 322 2178 108r

343 2820 375 2837 10

398 221 468 256 136
1019 221 1328 257 CHRONICON
1355 221 1583 256 ESTENSE
2055 228 2104 263 [A.
2127 229 2216 262 1346]

394 351 500 383 minos
525 352 567 382 de
591 352 623 382 la
648 352 749 383 Scala
773 358 806 383 et
830 352 983 382 dominos
1006 352 1157 383 Mantue.
1204 352 1368 383 Dominus
1390 351 1551 384 Albertus
1583 353 1626 384 de
1657 352 1689 384 la
1713 353 1814 384 Scala
1838 363 1913 384 cum
1946 353 2110 384 exercitu·
2138 352 2213 384 suo'

394 404 630 445 equitaverunt
654 414 760 445 usque
784 410 899 445 portas
922 404 1076 442 Mantue,
1099 404 1213 446 ibique
1238 405 1395 435 fecerunt
1418 405 1530 436 sonari
1554 405 1651 436 tubas
1676 412 1752 443 etc„
1776 412 1827 437 set
1849 405 1977 437 domini
2001 406 2141 437 Mantue
2166 405 2215 436 ni-

392 456 459 487 chil
472 457 715 497 respondentes
731 456 809 495 illis,
826 463 1041 488 recesserunt
1055 457 1096 488 de
1112 457 1204 488 dicto
1224 457 1311 495 loco,
1329 463 1362 488 et
1378 457 1590 498 aplicuerunt
1606 457 1858 490 Marmirolum¹
1877 458 2047 490 districtus
2064 458 2215 495 Mantue,

393 516 425 540 et
450 509 618 541 comburri
643 510 801 541 fecerunt
823 510 967 551 burgum
991 510 1073 541 dicti
1098 510 1208 547 castri,
1233 516 1265 541 et
1290 510 1401 541 omnia
1417 510 1682 548 circumstantia3
1707 518 1826 552 postea
1849 517 2113 554 segregaverunt
2136 511 2216 542 inde

394 568 427 594 et
449 562 621 594 redierunt
644 568 788 593 castrum
819 562 988 605 Vallecii‘
1022 562 1190 594 districtus
1213 562 1367 598 Verone;
1400 563 1525 594 deinde
1550 563 1668 595 iterum
1692 564 1867 596 redierunt
1897 574 1999 605 super
2029 564 2215 595 districtum

393 614 542 653 Mantue‚
567 615 697 646 scilicet
722 622 866 647 castrum
890 616 1064 647 Kavriane
1077 615 1098 653 ³,
1123 615 1236 657 ibique
1261 615 1419 647 fecerunt
1443 626 1541 648 omne
1566 617 1705 654 malum3
1731 617 1856 648 deinde
1882 617 2118 659 equitaverunt
2147 617 2216 648 Go-

391 667 569 699 vernulum
593 668 684 709 apud
709 667 884 700 Mantuam
911 679 1016 710 usque
1047 668 1232 706 Mantuam,
1258 674 1291 700 et
1323 668 1580 701 comburserunt
1605 670 1724 701 domos
1755 676 1788 701 et
1812 670 1893 707 alia;
1919 669 2043 701 deinde
2066 679 2217 701 recesse-

389 727 466 751 runt
489 726 523 752 et
545 721 678 751 iverunt
703 721 893 753 Vallecium
926 727 959 752 et
990 721 1287 753 Villam-francam
1311 721 1481 752 districtus
1512 722 1660 759 Verone,
1692 732 1826 763 semper
1854 732 1992 764 gueram
2024 727 2057 753 et
2087 722 2217 753 tedium

391 773 558 804 facientes
581 773 747 805 districtui
770 772 922 805 Mantue.

478 825 609 857 Eodem
633 826 821 864 millesimo,
846 827 901 858 die
925 837 991 858 vm
1015 826 1129 858 madii.
1154 827 1318 858 Dominus
1342 827 1514 869 Johannes
1531 828 1573 858 de
1598 827 1735 869 Pepulis
1751 828 1793 860 de
1818 828 1972 859 Bononia
1988 828 2081 859 venit
2097 828 2218 859 Ferra-

392 876 476 908 riam
499 877 543 908 ad
566 876 810 918 parlamentum
836 887 914 908 cum
938 877 1076 909 domino
1099 878 1297 909 marchione
1322 877 1489 919 Obicone.

478 930 610 961 Eodem
634 930 823 967 millesimo,
841 931 896 961 die
921 940 959 961 xr
976 931 1100 962 mensis
1116 930 1230 962 madii.
1248 931 1415 962 Dominus
1439 930 1655 962 Guttifredus
1672 932 1758 962 filius
1782 931 1909 962 domini
1926 930 2072 962 Arnoldi
2088 931 2131 963 de
2148 929 2218 962 Bac

392 982 508 1014 Urbac
532 982 755 1019 theotonicus,
780 983 968 1014 Hermanus
993 983 1122 1021 Graue,
1147 982 1374 1014 conestabiles
1398 984 1525 1015 domini
1549 984 1771 1021 Marehionis,
1797 994 1872 1014 cum
1898 993 1971 1014 xxv
1994 983 2146 1015 barbutis
2166 993 2219 1014 se-

391 1042 620 1078 gregaverunt
642 1035 776 1067 Mutina
801 1041 834 1066 et
858 1046 933 1066 cum
951 1036 1084 1067 duobus
1108 1035 1287 1067 balisteriis
1304 1036 1527 1078 equestribus,
1543 1037 1744 1079 iveruntque
1768 1046 1884 1068 versus
1902 1036 2068 1073 inimicos,
2092 1041 2218 1067 etcum

392 1093 622 1130 pervenerunt
646 1098 746 1129 super
770 1088 893 1120 flumen
918 1089 1036 1125 Sstule,
1062 1089 1199 1130 quidam
1224 1089 1332 1120 bonus
1355 1089 1456 1120 homo
1481 1089 1568 1121 dixit
1592 1089 1657 1120 eis:
1679 1095 1797 1121 cavete
1822 1089 1932 1126 vobis,
1949 1089 2108 1130 quoniam
2125 1088 2220 1120 multi

392 1147 564 1184 equestres
588 1147 620 1172 et
643 1141 776 1182 pedites
799 1147 1063 1184 segregaverunt
1086 1141 1199 1183 Regio
1224 1151 1324 1173 causa
1347 1142 1451 1173 eundi
1469 1141 1657 1184 lior-canum
1671 1142 1681 1158 ⁴
1708 1148 1853 1174 castrum
1870 1142 1985 1174 Rubei
2009 1142 2052 1173 de
2067 1141 2221 1173 Manfre-

393 1195 454 1231 dis,
480 1194 571 1235 quod
593 1199 674 1225 tunc
699 1193 927 1225 rebellaverat
949 1194 1095 1225 dominis
1118 1194 1270 1232 Mantue,
1288 1195 1346 1236 qui
1370 1194 1512 1226 Rubeus
1528 1195 1669 1226 fovebat
1694 1201 1826 1236 partem
1845 1195 1973 1226 domini
1996 1194 2220 1226 Marchionis.

394 1247 472 1284 Que
495 1247 642 1289 predicti
666 1246 892 1278 conestabiles
920 1247 1106 1285 audientes,
1131 1247 1238 1289 gavisi
1270 1253 1357 1285 sunt,
1382 1247 1532 1279 iurantes
1556 1248 1692 1279 insimul
1724 1248 1926 1285 firmitatem,
1950 1253 2090 1279 mortem
2114 1254 2148 1278 et
2171 1248 2221 1278 vi-

394 1307 479 1337 tam;
504 1306 537 1331 et
560 1300 765 1331 transierunt
789 1299 923 1337 flumen,
949 1299 1183 1331 desiderantes
1207 1300 1352 1331 inveniri
1375 1301 1542 1339 inimicos,
1567 1311 1651 1342 quos
1667 1301 1870 1332 invenerunt
1894 1306 2013 1332 euntes
2029 1299 2221 1342 Borcanum

393 1354 437 1385 ad
461 1353 708 1384 devastandum
732 1352 821 1384 bona
845 1353 962 1389 castri:
981 1359 1015 1384 et
1039 1352 1165 1394 absque
1182 1363 1277 1384 mora
1300 1354 1533 1393 percutierunt
1549 1354 1694 1385 viriliter
1719 1364 1786 1391 eOS,
1805 1353 1862 1395 qui
1886 1360 1981 1385 erant
1999 1353 2092 1384 circa
2109 1363 2128 1384 c
2145 1352 2221 1384 bar-

394 1406 486 1443 bute,
511 1411 544 1437 et
567 1405 624 1436 alii
647 1405 783 1446 pedites
807 1411 841 1437 et
864 1405 911 1436 sic
936 1405 979 1436 ad
1003 1406 1151 1436 invicem
1175 1405 1424 1447 preliabantur;
1450 1412 1562 1437 tamen
1585 1407 1620 1437 in
1644 1407 1709 1437 fine
1728 1405 1954 1438 conestabiles
1979 1405 2106 1437 domini
2130 1405 2222 1436 Mar-

395 1457 528 1491 chionis
550 1463 796 1499 superaverunt
821 1457 994 1494 inimicos;
1020 1463 1053 1489 et
1076 1458 1167 1499 capti
1192 1464 1226 1489 et
1243 1458 1367 1489 mortui
1392 1458 1529 1489 fuerunt
1552 1459 1657 1501 aliqui
1682 1459 1849 1490 dictorum
1867 1458 2090 1496 inimicorum,
2109 1464 2142 1490 et
2166 1468 2222 1490 ca-

395 1518 471 1554 ptos
495 1512 730 1543 conduxerunt
755 1511 926 1542 civitatem
950 1510 1092 1542 Mutine.

481 1565 613 1596 Eodem
637 1563 814 1595 millesimo
838 1569 871 1595 et
895 1574 1021 1595 mense.
1047 1564 1132 1595 Cum
1155 1574 1219 1605 per
1241 1564 1334 1606 longi
1359 1564 1521 1606 temporis
1544 1565 1689 1605 spatium
1714 1565 1885 1596 exercitus
1910 1565 2119 1596 Venetorum
2150 1573 2222 1595 mo-

394 1629 466 1650 ram
497 1617 730 1648 contrassisset
762 1617 853 1648 circa
886 1617 1058 1648 civitatem
1091 1617 1190 1661 Care,
1222 1618 1315 1658 quasi
1347 1617 1471 1648 victam
1502 1623 1641 1659 propter
1673 1618 1810 1655 famem,
1835 1618 1927 1648 cives
1959 1617 2048 1650 dicte
2079 1617 2223 1650 civitatis

393 1671 553 1702 nuncium
579 1669 775 1701 direxerunt
798 1669 936 1700 domino
961 1670 1128 1712 Ludoyco
1159 1670 1232 1712 regi
1256 1669 1408 1712 Ungarie
1440 1670 1538 1711 eique
1562 1670 1776 1711 proferentes
1807 1670 1995 1702 dominium
2019 1670 2109 1702 dicte
2141 1669 2224 1701 civi-

395 1723 482 1760 tatis,
500 1723 591 1765 quod
617 1721 757 1753 audiens
772 1731 833 1753 rex
855 1721 1001 1753 libenter
1019 1723 1221 1763 acceptavit,
1239 1728 1272 1754 et
1295 1722 1491 1765 relinquens
1508 1723 1570 1754 iter
1593 1733 1689 1753 suum
1706 1723 1742 1753 in
1765 1723 1917 1764 partibus
1933 1723 2060 1764 Apulie
2078 1733 2224 1766 congre-

393 1777 488 1819 gavit
505 1776 598 1807 circa
615 1778 658 1806 xm
675 1781 848 1817 equestres
865 1780 899 1806 et
916 1778 1010 1806 xxxru
1027 1775 1217 1817 sagittarios
1234 1786 1395 1807 cumanos
1412 1787 1488 1807 curn
1506 1776 1593 1807 arcis
1609 1776 1761 1814 sorianis,
1778 1782 1811 1807 et
1829 1786 1905 1807 cum
1922 1776 1988 1807 alio
2004 1776 2148 1808 maximo
2164 1786 2225 1817 po-

395 1830 486 1872 pulo,
511 1835 544 1860 et
561 1828 653 1860 circa
670 1830 768 1859 xxn'n
786 1827 970 1870 quadrigas
993 1829 1200 1869 ponderatas
1216 1829 1427 1865 victualibus,
1445 1835 1478 1860 et
1504 1832 1559 1860 x1¹¹¹
1583 1829 1784 1870 pavilliones
1800 1829 1976 1861 foderatos
1999 1829 2098 1867 varis,
2114 1828 2226 1860 rubeis

395 1882 524 1925 pannis,
548 1887 582 1913 et
605 1881 782 1924 pignolato
807 1887 870 1912 etc.
896 1888 929 1913 et
952 1887 1234 1913 castramentatus
1251 1888 1302 1914 est
1319 1892 1394 1913 cum
1412 1888 1483 1914 toto
1501 1882 1654 1913 exercitu
1671 1882 1762 1923 apud
1779 1882 1949 1913 civitatem
1965 1881 2052 1914 Care
2069 1882 2112 1913 ad
2129 1882 2226 1924 quin-

395 1947 460 1978 que
485 1934 608 1971 millia;
633 1940 772 1976 totaque
796 1934 854 1965 die
886 1934 1098 1966 conabantur
1130 1934 1252 1965 muniri
1284 1935 1465 1966 civitatem.
1497 1935 1629 1966 Tamen
1658 1941 1778 1977 gentes
1808 1935 2020 1966 Venetorum
2052 1934 2228 1966 audientes

396 1989 580 2019 adventum
604 1987 694 2030 regis
718 1994 751 2019 et
774 1997 921 2025 suorum,
945 1988 1146 2024 timuerunt;
1171 1993 1221 2019 set
1245 1988 1329 2018 inter
1352 1988 1444 2029 ipsos
1468 1988 1685 2019 firmaverant
1708 1987 1833 2019 habere
1858 1988 2040 2025 civitatem,
2065 1993 2098 2019 et
2129 1987 2227 2019 aliter

396 2052 463 2073 non
487 2041 566 2072 inde
591 2041 770 2077 recedere3
795 2040 910 2082 ibique
936 2047 1195 2073 construxerant
1218 2041 1385 2072 bastiliam
1409 2041 1638 2078 fortissimam,
1662 2042 1696 2072 in
1724 2052 1789 2083 qua
1812 2041 1972 2073 redibant
1989 2052 2108 2073 omnes
2123 2051 2226 2083 eque-

395 2101 482 2126 stres
507 2100 539 2125 et
563 2094 698 2135 pedites
723 2104 798 2125 cum
825 2104 940 2125 eorum
966 2094 1155 2136 manganis,
1179 2100 1213 2125 et
1236 2094 1311 2125 aliis
1335 2094 1496 2126 hedifitiis
1520 2095 1555 2125 in
1573 2094 1718 2125 maxima
1734 2094 1851 2135 copia:
1870 2094 1986 2136 ibique
2003 2094 2104 2125 etiam
2121 2093 2226 2125 habe-

397 2148 478 2179 bant
501 2147 626 2189 galeas,
650 2152 683 2178 et
707 2147 789 2178 alias
813 2146 924 2178 na'ves
948 2147 1084 2178 fulcitas
1107 2147 1307 2178 victualibus
1331 2153 1395 2179 etc.
1420 2153 1559 2189 totaque
1584 2148 1639 2179 die
1664 2147 1896 2188 preliabantur
1918 2157 1995 2178 cum
2018 2146 2165 2178 inimicis
2193 2152 2227 2178 et

396 2199 531 2232 duravit
554 2200 619 2231 hoc
643 2210 705 2241 per
728 2206 834 2231 totum
867 2210 1013 2231 mensem
1046 2200 1151 2231 madii
1182 2200 1330 2241 predicti
1361 2211 1469 2242 usque
1500 2201 1544 2231 ad
1575 2201 1728 2231 ultimum
1759 2200 1851 2231 iunii.
1883 2200 1948 2231 Die
1979 2200 2087 2231 sabati
2117 2199 2226 2241 primo

396 2253 520 2284 mensis
541 2253 629 2296 julii,
652 2263 712 2285 rex
735 2252 911 2294 predictus
934 2253 1076 2285 recessit
1099 2254 1142 2284 de
1167 2263 1290 2294 campo
1314 2264 1374 2285 suo
1399 2252 1586 2285 deliberate
1611 2263 1687 2284 cum
1712 2253 1778 2284 suis
1802 2259 1836 2284 et
1859 2263 1935 2285 cum
1967 2253 2059 2284 mille
2091 2251 2226 2284 curibus

487 2391 511 2414 4.
530 2383 756 2407 circumadstant.
776 2391 821 2406 con
840 2383 875 2406 ad
894 2382 1032 2406 cancellato
1051 2391 1096 2406 con
1115 2391 1151 2407 un
1170 2385 1228 2415 rigo
1246 2385 1276 2407 in
1293 2383 1318 2407 A
1339 2397 1371 2400 —
1392 2389 1415 2414 5.
1435 2390 1517 2414 super
1534 2383 1573 2411 A,-
1593 2383 1642 2407 sub
1655 2384 1766 2407 BMUR.
1786 2396 1796 2400 -
1811 2384 1901 2413 prima
1921 2383 1950 2405 di
1968 2389 2048 2414 super
2069 2382 2098 2405 in
2115 2381 2139 2405 A
2159 2382 2226 2405 cast.

396 2425 534 2448 cancellato
553 2433 598 2448 con
617 2432 654 2448 un
671 2426 728 2456 rigo
748 2438 779 2442 —-
799 2430 824 2455 7.
843 2425 1055 2449 combusserunt
1074 2433 1139 2449 corr.
1159 2426 1237 2450 MUR.
1258 2439 1289 2443 —
1313 2433 1351 2456 14.
1372 2425 1484 2449 iverunt
1509 2426 1585 2450 Mun.
1606 2439 1637 2442 -—
1660 2430 1699 2455 17.
1718 2426 1791 2456 quod
1806 2425 1882 2452 AB:
1895 2425 1941 2456 qui
1956 2425 2033 2448 Mun.
2045 2438 2078 2442 —
2095 2430 2134 2454 19.
2150 2425 2224 2448 inve-

399 2467 460 2490 nire
479 2473 543 2490 corr.
564 2467 642 2490 Mun.
662 2480 694 2484 —
714 2473 755 2490 20.
775 2467 937 2491 devastand.
958 2467 1000 2494 Β,-
1019 2466 1191 2491 devastanda
1211 2468 1288 2492 Mun.
1309 2480 1342 2485 --
1363 2473 1451 2491 20-21.
1466 2466 1591 2498 barbute]
1613 2467 1743 2491 barbutas
1756 2466 1904 2490 ABMUR.
1919 2479 1949 2483 —
1971 2472 2011 2496 ²4·
2031 2465 2177 2489 millesimo
2197 2466 2224 2488 et

397 2515 444 2532 om.
464 2509 541 2532 Mun.
561 2521 593 2525 ——
615 2514 655 2539 25.
675 2510 702 2532 et
721 2509 801 2540 quasi
821 2509 922 2532 victam
941 2508 982 2535 A,-
1002 2510 1029 2533 et
1048 2509 1127 2540 quasi
1147 2510 1272 2533 vinctam
1291 2509 1334 2536 B:
1353 2517 1399 2533 om.
1422 2509 1500 2533 Muss.
1513 2522 1545 2526 -—
1561 2509 1603 2533 26.
1621 2510 1700 2540 eique
1719 2509 1745 2532 ei
1765 2509 1842 2532 Mun.
1857 2521 1888 2525 —
1903 2512 1944 2538 27.
1965 2508 1993 2530 in
2014 2508 2107 2538 partes
2120 2506 2223 2538 Apulie

400 2550 478 2574 Mum
500 2563 530 2567 --
551 2550 641 2579 27-28.
661 2551 823 2581 congregat.
842 2550 920 2577 AB:
938 2557 1110 2581 congregans
1130 2551 1207 2574 MUR.
1229 2563 1260 2567 —-
1281 2552 1322 2576 28.
1341 2552 1412 2575 arcis
1430 2551 1453 2574 A
1465 2551 1507 2578 Β,-
1526 2551 1646 2574 arcubus
1664 2557 1730 2573 corr.
1750 2550 1828 2574 Mun.
1850 2563 1880 2566 —
1896 2556 1937 2580 29.
1952 2549 2094 2581 ponderat.
2109 2548 2223 2572 victual.

398 2591 473 2619 ΑΒ,·
492 2593 635 2623 portantes
654 2591 786 2616 victualia
805 2592 884 2616 Mun.
905 2606 936 2609 —
957 2599 999 2623 30.
1019 2593 1233 2617 castrametatus
1251 2600 1316 2616 corr.
1337 2593 1414 2617 Μυκ.
1436 2607 1467 2611 -
1486 2600 1528 2624 31.
1547 2592 1700 2616 conabatur
1719 2591 1832 2615 BMUR.
1851 2604 1862 2608 -
1882 2591 1989 2614 munire
2007 2597 2074 2615 corr.
2093 2590 2170 2614 Mun.
2191 2603 2223 2607 —-

399 2639 440 2665 33.
459 2633 490 2657 in
509 2640 591 2665 quam
610 2633 688 2657 Mun.
707 2646 739 2651 —
760 2639 802 2664 35.
821 2634 883 2664 dopo
902 2633 971 2658 alias
990 2634 1019 2657 in
1037 2634 1060 2656 A
1079 2641 1155 2665 segue
1173 2634 1250 2666 ligna
1268 2634 1407 2657 cancellato
1426 2642 1471 2658 con
1489 2642 1527 2657 un
1546 2634 1603 2665 rigo

491 2732 497 2748 ¹
517 2734 678 2757 Marmirolo
698 2741 714 2758 a
734 2740 747 2765 7
768 2734 814 2758 kil.
835 2735 869 2758 da
889 2735 1033 2759 Mantova.
1339 2735 1435 2766 aprile,
1456 2736 1463 2758 i
1485 2735 1625 2759 Mansredi
1644 2734 1734 2759 fecero
1753 2741 1805 2758 con
1825 2734 1864 2765 gli
1884 2734 1995 2757 Estensi
2015 2741 2052 2756 un
2066 2732 2184 2756 trattato
2198 2731 2228 2755 di

487 2773 498 2789 ²
518 2775 650 2806 Valeggio
669 2776 712 2799 sul
733 2775 840 2800 Mincio
859 2783 875 2800 a
897 2782 926 2806 25
947 2776 994 2800 kil.
1015 2776 1049 2801 da
1070 2777 1190 2801 Verona.
1340 2777 1476 2801 aderenza
1494 2784 1508 2800 e
1526 2775 1645 2803 fedeltaz
1666 2777 1694 2800 in
1714 2782 1866 2808 compenso
1887 2775 1988 2800 Obizzo
2003 2773 2096 2798 d'Este
2109 2773 2227 2798 accon-db

487 2815 498 2831 ³
518 2816 658 2841 Cavriana
676 2825 691 2841 a
712 2823 744 2847 31
766 2818 811 2841 kil.
831 2818 866 2842 da
886 2819 1029 2843 Mantova.
1341 2819 1401 2842 loro
1421 2816 1608 2842 l'investitura
1628 2818 1657 2841 di
1677 2819 1803 2841 Borzano
1823 2824 1836 2840 e
1857 2817 1884 2840 di
1904 2817 1974 2840 altre
1990 2819 2062 2840 terre
2082 2815 2230 2846 epromise

490 2857 501 2873 ⁴
520 2859 655 2888 Borzano,
681 2859 795 2883 castello
822 2861 893 2884 nelle
918 2860 1018 2884 colline
1043 2861 1174 2892 reggiane
1193 2868 1288 2892 presso
1341 2860 1367 2884 la
1396 2860 1512 2884 mensile
1542 2859 1724 2892 provvisione
1753 2859 1781 2882 di
1807 2858 1898 2882 fiorini
1932 2865 1980 2882 120
2008 2865 2022 2881 c
2049 2857 2229 2881 d'investIrliv

401 2900 528 2929 Albinea,
542 2907 622 2923 verso
641 2901 665 2924 la
685 2901 738 2924 fine
757 2901 801 2925 del
816 2902 909 2925 secolo
923 2901 973 2925 XII
987 2903 1178 2934 apparteneva
1192 2902 1227 2925 ad
1243 2903 1288 2926 Al·
1343 2902 1454 2933 quando
1473 2909 1571 2926 avesse
1590 2901 1772 2933 riacquistato
1793 2900 1811 2923 il
1832 2901 1958 2924 dominio
1977 2899 2006 2923 di
2025 2899 2140 2930 Regg10‚
2160 2897 2229 2922 delle

401 2942 478 2965 berto
498 2941 532 2965 da
546 2942 682 2972 Bormno,
695 2943 744 2966 che
757 2941 771 2966 ὲ
785 2943 804 2966 il
819 2945 910 2975 primo
924 2944 1024 2967 autore
1038 2945 1204 2968 conosciuto
1218 2944 1287 2967 della
1345 2944 1409 2967 ville
1428 2943 1456 2966 (li
1477 2944 1636 2972 'Fresinarzn
1657 2942 1810 2966 Gavasseto
1831 2949 1845 2965 e
1865 2941 1950 2965 Santo
1971 2939 2092 2965 Stefana.
2121 2939 2164 2964 Cf.
2179 2940 2228 2962 Tt-

402 2982 528 3014 famiglia
547 2983 589 3007 de’
616 2983 754 3007 Mantredi
775 2984 804 3008 di
829 2985 946 3016 chgiO.
984 2985 1032 3009 Nel
1061 2985 1136 3017 1346,
1159 2986 1186 3009 ai
1208 2986 1239 3009 28
1259 2985 1286 3008 di
1345 2991 1493 3014 Rlxnoscm,
1512 2985 1665 3008 Daionarto
1684 2991 1743 3010 ecc..
1763 2984 1820 3012 cit„
1841 2983 1860 3013 Ι,
1881 2991 1906 3015 p.
1927 2982 1952 3006 8.

2245 827 2282 859 10

2248 1087 2283 1119 15

2246 1617 2286 1648 25

2248 1881 2290 1913 30

2249 2145 2290 2177 35

2257 2947 2291 2964 20
