2360 3603
165 1231 238 1251 Μυκ..
255 1236 293 1254 ⁴45

195 1554 215 1568 c.
231 1553 269 1567 120
278 1554 289 1566 r

314 2683 345 2700 10

315 2897 343 2921 15

371 249 440 284 156
993 248 1306 283 CHRONICON
1334 247 1565 282 ESTENSE
2020 252 2069 286 [A.
2093 254 2184 286 1:³47}

450 379 701 420 Stephanucius
715 379 757 410 de
775 379 807 409 la
824 379 1009 420 Colopna¹‚
1027 379 1252 422 Cancolopna
1269 378 1339 409 eius
1357 378 1454 415 filius,
1469 377 1589 409 Petrus
1613 377 1743 408 domiui
1768 376 1909 419 Agabiti
1935 378 1977 408 de
1993 376 2150 418 Colupna
2162 376 2185 414 ²,

363 432 487 475 Bucius
510 433 553 462 de
578 431 772 474 Galigariis‚
798 431 865 463 duo
890 431 1017 463 domini
1043 432 1086 462 de
1111 430 1265 473 Luyan0‚
1289 431 1374 462 Cola
1399 430 1496 461 Ballo
1520 431 1564 462 de
1588 430 1687 467 Gavi,
1712 439 1809 461 Lxxx
1833 430 1907 461 sotii
1933 431 2094 471 ipsorum.

450 485 494 515 Et
517 484 684 515 vulnerati
708 483 751 514 ad
769 489 913 514 mortem
930 483 1014 515 Cola
1030 483 1126 514 Ballo
1145 484 1187 515 cle
1205 484 1236 514 la
1253 482 1412 519 Mollara,
1427 483 1550 524 Bucius
1567 483 1610 514 de
1629 482 1747 519 Gesso,
1764 482 1923 513 dominus
1946 482 2125 525 §jordanus
2142 483 2184 513 de

363 538 483 569 Castro
501 537 648 573 Marino,
662 535 746 567 Cola
764 537 805 567 de
823 536 917 577 Buco
934 537 978 567 de
991 536 1135 579 Branco,
1163 535 1267 567 Cinus
1285 536 1460 578 Gaylanus
1476 536 1582 566 frater
1599 535 1732 567 comitis
1748 535 1861 566 Fundi
1875 534 1898 572 ⁸,
1914 535 2083 566 Kamillus
2099 534 2186 566 filius

361 590 524 621 naturalis
537 589 668 620 domini
681 589 847 630 Stephani
864 590 907 621 de
923 590 956 620 la
972 589 1146 630 Colupna3
1163 589 1227 620 iste
1243 589 1308 620 fuit
1322 589 1526 619 interfectus
1541 589 1575 619 in
1593 588 1695 624 bello,
1711 593 1745 619 et
1762 588 1896 625 dicitur,
1910 588 2002 629 quod
2013 587 2188 628 predictus
2233 587 2250 617 5

362 643 608 682 Zancolunpna
632 642 667 672 in
689 647 853 684 yntroytu
875 648 973 682 porte
1006 642 1170 683 querebat
1201 640 1409 677 Tribunum;
1442 646 1476 671 et
1500 651 1568 672 non
1593 641 1712 672 valens
1735 640 1845 681 ipsum
1869 640 2091 682 dapnificare,
2113 639 2186 681 ipse

366 707 441 727 cum
466 695 614 739 Cenesto
639 695 836 726 theotonico
860 695 995 726 iverunt
1019 705 1126 736 usque
1150 694 1348 726 banderiam
1372 694 1527 730 Tribuni,
1551 700 1584 724 et
1607 694 1717 734 ipsam
1747 693 1968 734 proiecerunt
1990 693 2026 724 in
2049 699 2187 731 terram,

363 755 398 780 et
421 749 522 779 etiam
546 747 750 784 columbam,
775 759 875 789 quam
901 748 969 779 fert
999 747 1175 778 Tribunus
1205 757 1309 789 super
1340 747 1552 779 banderiam.
1599 747 1729 778 Tamen
1761 746 1860 777 ambo
1891 747 2013 778 mortui
2037 746 2186 777 fuerunt.

365 802 408 832 Et
432 801 528 832 finito
551 801 654 838 bello,
677 801 851 832 Tribunus
873 800 1001 831 redivit
1024 811 1101 832 cum
1125 801 1194 831 suis
1217 801 1251 831 in
1274 800 1513 841 Campodolio‚
1537 805 1571 831 et
1595 799 1706 831 verbis
1722 799 1791 830 suis
1806 799 2007 841 regratiavit
2029 804 2187 830 conesta-

365 853 489 885 bilibus
512 854 579 884 suis
602 860 635 884 et
659 860 730 884 toto
750 854 878 895 populo
903 858 937 884 et
960 853 1134 884 nobilibus
1157 853 1360 895 rogavitque
1384 852 1561 893 populum,
1585 859 1622 883 ut
1638 852 1846 883 honorarent
1869 850 2041 882 dominum
2057 851 2187 894 Corda·
2215 851 2252 882 10

363 917 440 938 num
466 913 499 938 et
523 906 642 938 Colam
667 906 710 938 de
734 906 879 944 Ursinis,
904 907 961 948 qui
986 906 1128 938 viriliter
1151 906 1185 937 in
1208 906 1300 938 bello
1325 916 1361 937 se
1385 911 1576 948 gesserunt.

450 960 582 991 Eodem
605 959 796 997 millesimo,
830 960 873 991 de
906 970 1021 991 mense
1054 959 1255 991 decembris.
1302 959 1380 990 Rex
1409 959 1596 1001 Ludoycus
1627 958 1768 989 recessit
1799 958 1842 990 de
1873 957 2051 1000 Ungaria⁴
2075 962 2109 989 et
2124 957 2189 988 iter

363 1013 512 1054 adripuit
535 1013 568 1043 in
593 1012 765 1053 Apuliam,
789 1018 825 1043 ut
849 1012 1037 1044 vindictam
1062 1018 1212 1044 sumeret
1235 1012 1279 1043 de
1302 1017 1411 1044 morte
1429 1011 1545 1043 fratris
1560 1011 1610 1042 sui
1627 1011 1808 1047 antedicti;
1823 1017 1856 1042 et
1872 1010 2013 1052 aplicuit
2029 1009 2189 1047 Udinem,

362 1066 487 1097 deiude
512 1065 661 1096 Sacilem
675 1065 697 1102 ⁵,
722 1064 849 1097 deinde
875 1065 909 1095 in
936 1065 1092 1097 districtu
1117 1065 1234 1096 Padue
1259 1065 1303 1096 ad
1326 1064 1547 1096 Cittadellam
1562 1063 1588 1100 6ς
1607 1064 1665 1106 qui
1681 1069 1841 1105 receptus
1858 1064 1924 1095 fuit
1947 1073 2024 1094 cum
2040 1063 2188 1094 maximo

362 1121 490 1150 honore
515 1130 534 1150 a
557 1119 696 1149 domino
720 1118 852 1160 Jacobo
877 1119 919 1150 de
945 1117 1086 1149 Cararia
1112 1118 1250 1149 domino
1274 1117 1408 1154 Padue;
1428 1117 1556 1149 deinde
1573 1117 1630 1148 die
1648 1118 1720 1148 1111o
1743 1116 1936 1148 decembris
1959 1116 2154 1147 Vicentiam
2168 1117 2192 1154 ⁷,
2218 1115 2254 1146 15

362 1171 421 1203 ubi
444 1172 631 1202 honoratus
654 1177 705 1202 est
728 1170 868 1202 multum
894 1181 913 1202 a
937 1171 1074 1202 domino
1101 1170 1244 1202 Alberto
1269 1171 1312 1202 de
1338 1170 1369 1201 la
1394 1170 1496 1202 Scala
1519 1176 1552 1201 et
1576 1170 1718 1201 domino
1743 1171 1926 1212 Fregnano
1950 1168 2019 1199 filio
2043 1167 2190 1200 naturali

370 1223 499 1256 domini
521 1223 679 1260 Mastini3
705 1223 772 1254 alio
797 1224 852 1254 die
878 1223 1061 1260 Veronam,
1085 1223 1143 1254 ubi
1166 1224 1260 1254 stetit
1283 1233 1389 1264 usque
1407 1228 1564 1254 octavum
1582 1223 1671 1254 diem
1695 1222 1907 1257 decembris;
1925 1222 2051 1252 deinde
2068 1220 2193 1252 Hosti·-

365 1277 442 1307 liam
456 1275 482 1311 ⁸;
507 1275 635 1308 deinde
659 1276 868 1307 transierunt
886 1275 1029 1313 Padum,
1048 1282 1081 1307 et
1098 1276 1231 1307 iverunt
1246 1275 1479 1307 Mirandulam
1493 1273 1515 1310 ⁹,
1540 1275 1664 1306 deinde
1681 1275 1850 1306 Mutinam
1868 1275 2041 1306 civitatem
2060 1273 2192 1305 domini

366 1329 576 1361 marchionis
599 1328 766 1370 Obiconis
780 1327 813 1366 ¹⁰,
831 1329 889 1371 qui
908 1329 1012 1360 exivit
1030 1336 1125 1360 extra
1142 1329 1316 1360 civitatem
1335 1329 1470 1360 obviam
1487 1329 1559 1370 regi
1577 1338 1638 1370 per
1655 1338 1679 1359 v
1695 1327 1862 1364 milliaria,
1887 1334 1921 1359 et
1938 1326 2194 1368 apropinquans

364 1383 439 1425 regi
464 1382 646 1414 descendit
669 1383 841 1423 pedester,
866 1383 909 1414 de
935 1393 1002 1424 quo
1026 1393 1086 1413 rex
1109 1382 1340 1423 perpendens,
1365 1382 1451 1414 fecit
1482 1382 1591 1423 ipsum
1616 1381 1805 1412 ascendere
1831 1391 1967 1422 equum,
1992 1386 2025 1411 et
2054 1379 2191 1411 vocavit
2214 1380 2257 1410 20

363 1437 473 1477 ipsum
498 1436 593 1467 iuxta
617 1446 670 1471 se:
694 1441 727 1467 et
752 1436 801 1467 sic
824 1436 961 1467 iverunt
983 1445 1091 1477 usque
1115 1435 1296 1472 Mutinam,
1320 1435 1555 1466 etiutromixit
1570 1444 1687 1477 regem
1705 1440 1854 1466 castrum
1871 1445 1968 1465 suum
1990 1433 2125 1465 Mutine
2150 1433 2193 1464 ad

362 1488 559 1529 hospitium,
583 1494 617 1520 et
641 1488 724 1519 alios
748 1488 924 1520 ordinavit
948 1488 1091 1520 diversis
1114 1488 1202 1519 locis
1225 1487 1426 1519 honorifice.
1473 1487 1516 1519 Et
1540 1487 1627 1519 fecit
1650 1488 1718 1519 alio
1744 1487 1799 1518 die
1827 1486 2027 1528 prexentari
2052 1485 2193 1517 domino

364 1542 457 1583 Regi
479 1547 549 1573 tres
573 1551 679 1583 equos
702 1540 842 1573 nobi'les
866 1542 1074 1582 cohopertos
1088 1540 1269 1578 scarlacto,
1287 1546 1321 1572 et
1336 1541 1439 1572 alium
1456 1551 1578 1582 equum
1596 1540 1736 1573 domino
1753 1540 1865 1572 electo
1882 1540 2047 1581 episcopo
2070 1539 2192 1580 Vispe-

363 1595 468 1626 riensi
482 1594 513 1625 ¹¹.
560 1594 695 1625 Deinde
721 1594 798 1626 Rex
822 1595 1001 1636 predictus
1017 1605 1094 1625 cum
1113 1594 1269 1625 omnibus
1292 1595 1360 1626 suis
1385 1594 1527 1625 recessit
1543 1594 1586 1624 de
1603 1593 1747 1630 Mutina,
1765 1600 1798 1624 et
1812 1593 1960 1635 ingressi
1983 1598 2059 1623 sunt
2074 1602 2193 1623 versus

365 1647 564 1678 Bononiam.
602 1647 767 1678 Dominus
790 1647 946 1678 marchio
972 1647 1154 1678 adsotiavit
1178 1657 1253 1678 eum
1279 1657 1384 1688 usque
1409 1652 1548 1687 pontem
1571 1645 1681 1677 sancti
1698 1645 1874 1677 Ambrosii
1889 1644 1927 1682 ¹²3
1946 1651 2027 1676 tnnc
2044 1645 2193 1676 adcessit
2215 1643 2256 1675 25

364 1700 410 1731 ibi
436 1701 591 1731 dominus
614 1700 764 1742 Jacobus
787 1700 830 1731 de
855 1699 995 1741 Pepulis
1019 1701 1177 1731 dominus
1200 1699 1366 1737 Bononie,
1390 1699 1592 1741 recepitque
1620 1700 1756 1741 Regem
1779 1698 1978 1739 honorifice,
2005 1704 2038 1729 et
2061 1698 2194 1729 iverunt

364 1753 553 1784 Bononiam
579 1763 655 1784 cum
680 1754 825 1785 maximo
851 1760 1028 1794 apparatu,
1053 1754 1121 1784 alio
1146 1754 1201 1784 die
1226 1753 1382 1784 dominus
1405 1752 1483 1784 Rex
1507 1753 1647 1784 recessit
1669 1753 1762 1790 inde,
1787 1757 1821 1783 et
1842 1752 2013 1794 ingressus
2037 1750 2193 1782 Castrum

363 1807 475 1838 sancti
499 1805 592 1836 Petri
617 1807 759 1837 militem
785 1806 964 1837 decoravit
987 1806 1165 1837 Matheum
1188 1806 1295 1836 filium
1312 1806 1418 1849 Gerre
1436 1805 1479 1837 de
1497 1805 1645 1846 Pepulis.
1685 1804 1765 1836 Alio
1783 1805 1839 1836 die
1853 1804 1941 1846 jovis
1958 1804 2040 1835 11111ο
2055 1804 2193 1835 decem-

364 1858 443 1896 bris,
468 1859 546 1890 Rex
570 1869 646 1889 cum
671 1859 739 1890 suis
761 1860 903 1891 recessit
926 1859 970 1890 de
995 1860 1087 1890 dicto
1112 1859 1188 1890 loco
1213 1864 1248 1890 et
1271 1865 1399 1890 armata
1422 1869 1524 1890 manu
1547 1858 1691 1900 ingressi
1714 1864 1793 1889 sunt
1815 1867 1923 1899 usque
1939 1857 2058 1888 foveas
2074 1857 2195 1888 civita-

364 1918 434 1942 tum
458 1911 595 1949 Ymole,
620 1912 786 1943 Faventie
802 1911 824 1928 ¹³
843 1919 876 1943 et
892 1912 1046 1944 Furlivii.
1079 1911 1180 1942 Tunc
1205 1912 1410 1943 Franciscus
1427 1912 1470 1942 de
1495 1911 1708 1942 Hordelaffis
1725 1910 1883 1942 dominus
1900 1910 2040 1942 Forlivii
2057 1910 2116 1941 ivit
2133 1908 2193 1940 ob·
2217 1909 2259 1939 30

367 1964 457 1994 viam
482 1965 573 2005 Regi
599 1975 676 1995 cum
700 1965 847 1996 maximo
872 1967 1012 1996 honore.
1058 1965 1159 1996 Tunc
1183 1965 1260 1996 Rex
1283 1965 1462 1996 decoravit
1484 1964 1607 1995 milites
1633 1965 1809 1996 dominum
1833 1963 2058 1995 Franciscum
2093 1968 2188 1993 ante-

368 2017 497 2048 dictum
524 2024 556 2048 et
580 2018 667 2049 filios
689 2028 767 2049 suos
783 2017 815 2055 ¹⁴,
840 2018 955 2058 ibique
974 2024 1072 2049 erant
1088 2024 1265 2058 presentes
1290 2017 1448 2048 dominus
1470 2017 1655 2049 Malatesta
1682 2018 1725 2048 de
1742 2016 1910 2053 Arimino,
1928 2016 2086 2047 dominus
2109 2015 2192 2046 Ber-

366 2070 531 2101 nardinus
548 2071 590 2102 de
608 2070 766 2108 Polenta,
790 2071 919 2102 domini
946 2071 988 2101 de
1011 2069 1194 2102 Ubaldinis
1220 2076 1254 2102 et
1270 2070 1327 2102 alii
1344 2069 1388 2101 ad
1412 2070 1650 2102 honorandum
1675 2069 1821 2112 Regem.
1869 2069 1948 2101 Alio
1973 2069 2028 2100 die
2052 2068 2195 2100 recessit

457 2239 477 2254 1.
499 2232 531 2254 cle
544 2232 678 2262 Agabitis
692 2232 715 2255 Α
730 2231 844 2255 BMUR.
865 2245 896 2248 --
912 2231 935 2255 6.
950 2231 1116 2263 dnpnificari
1135 2232 1159 2255 Α
1172 2233 1198 2255 Β
1217 2244 1249 2248 -
1272 2238 1310 2262 14.
1331 2230 1515 2255 Cittadellam
1536 2240 1604 2262 agg.
1624 2232 1654 2254 di
1667 2232 1759 2260 prima
1779 2240 1853 2254 mano
1873 2231 1898 2254 in
1919 2232 1943 2254 A
1964 2244 1993 2247 —
2016 2237 2057 2254 20.
2076 2237 2155 2261 equm
2169 2229 2193 2253 A

370 2287 399 2289 —
422 2272 463 2296 28.
483 2274 614 2305 militem]
634 2274 719 2297 milit.
740 2275 779 2303 63
801 2274 907 2297 militia
927 2275 1003 2298 Mun.
1020 2287 1050 2290 —
1066 2280 1154 2304 29-30.
1175 2273 1338 2305 civitatum]
1351 2275 1431 2297 civit.
1452 2274 1475 2297 Α
1490 2274 1528 2303 B?
1549 2274 1676 2296 civitatis
1692 2274 1768 2297 Mun,
1783 2287 1815 2290 —
1829 2280 1872 2304 31.
1887 2271 2004 2303 milites]
2019 2272 2105 2295 milit.
2119 2273 2142 2296 A
2154 2272 2194 2300 B3

370 2316 476 2338 militia
496 2315 573 2339 MUR.

457 2424 465 2440 ¹
485 2425 665 2449 Stefanuccio
686 2425 819 2449 Colonna
840 2434 855 2449 o
875 2426 993 2450 stefano
1014 2427 1035 2450 il
1057 2426 1186 2450 Giovane
1212 2434 1257 2450 era
1400 2425 1411 2441 ⁸
1432 2426 1557 2457 Ostiglia
1578 2434 1593 2449 a
1613 2432 1643 2457 53
1665 2426 1716 2449 kil.
1730 2425 1766 2450 da
1782 2425 1891 2449 Verona
1904 2432 1918 2448 e
1933 2432 1964 2457 23
1979 2424 2014 2448 da
2028 2423 2198 2448 Mirandola.

370 2468 390 2490 il
417 2469 550 2498 capitano
575 2468 705 2499 generale
725 2468 914 2492 dell'esercito
941 2469 983 2492 dei
1006 2469 1098 2493 nobili
1126 2468 1257 2492 Romani.
1399 2469 1410 2486 ’Ξ
1430 2468 1591 2492 Mil-andoin
1612 2476 1626 2491 a
1647 2475 1680 2499 30
1699 2468 1750 2492 kil.
1770 2467 1805 2491 da
1825 2468 1955 2492 Modena.
2226 2469 2260 2486 ²⁰

369 2510 380 2532 I
402 2512 476 2533 nomi
499 2510 543 2533 dei
569 2510 723 2533 Colonnesi
753 2512 837 2534 morti
865 2519 878 2534 e
905 2512 1074 2542 prigionieri
1104 2512 1133 2534 in
1160 2514 1258 2541 questo
1404 2508 1424 2524 ¹0
1443 2510 1511 2533 Sino
1532 2511 1576 2534 dal
1593 2516 1623 2540 27
1639 2512 1749 2541 agosto,
1769 2509 1826 2533 cosi
1843 2510 1973 2532 dall'atto
1988 2509 2065 2532 edito
2080 2508 2114 2531 da
2126 2507 2200 2532 Mur.

371 2552 443 2575 fatto
464 2560 533 2575 sono
554 2553 759 2576 (liversamente
780 2554 899 2576 indicati
922 2554 994 2576 nelle
1018 2555 1096 2577 varie
1124 2554 1207 2578 fonti.
1234 2562 1259 2577 v.
1315 2553 1388 2578 (Ant.
1413 2554 1483 2581 stol„
1505 2552 1537 2579 ΙΙ,
1560 2560 1604 2583 pp.
1627 2552 1734 2583 ill-3),
1753 2552 1860 2575 Obizzo
1887 2559 1975 2575 aveva
2000 2551 2146 2583 garantito
2173 2550 2198 2573 al

373 2595 516 2617 chronicon
539 2595 642 2623 Malim,
664 2596 692 2617 in
716 2596 777 2618 HR.
801 2596 840 2619 ll.
862 2595 919 2623 SS..
940 2595 999 2623 XV,
1020 2598 1098 2627 parte
1112 2603 1151 2626 iv,
1166 2603 1192 2628 p.
1210 2604 1260 2628 140
1314 2594 1355 2617 Re
1375 2594 1401 2617 di
1424 2594 1567 2625 Ungheria
1587 2593 1608 2616 il
1630 2594 1719 2617 libero
1739 2595 1862 2617 transito
1882 2601 1930 2624 per
1952 2593 1974 2616 il
2001 2593 2123 2616 contaclo
2143 2599 2199 2615 mo—

372 2640 411 2666 (n.
431 2637 495 2667 ed.).
1314 2637 1422 2660 denese.

459 2677 469 2693 ²
489 2678 572 2702 Piero
592 2679 621 2702 di
641 2679 767 2710 Agabito
787 2687 832 2703 era
846 2681 961 2711 signore
976 2680 1003 2703 di
1019 2680 1198 2711 Genazzano,
1211 2678 1259 2712 gia
1403 2677 1419 2693 '¹
1441 2678 1670 2702 Probabilmente
1689 2679 1712 2701 si
1734 2685 1855 2702 accenna
1870 2678 1895 2701 al
1910 2685 2030 2701 vescovo
2044 2677 2072 2700 di
2087 2675 2200 2707 Vespri-
2227 2677 2258 2703 25

371 2723 503 2752 preposto
524 2721 552 2744 di
573 2721 731 2751 Mnrsiglia.
1170 2717 1172 2722 ’
1315 2721 1411 2749 mium,
1430 2721 1459 2744 in
1481 2720 1624 2751 Ungheria
1644 2718 1801 2751 (Giovanni
1820 2720 1870 2750 ΙΙΙ)
1889 2727 1915 2745 v.
1934 2718 2028 2748 GAMS,
2046 2723 2088 2749 op.
2106 2719 2161 2747 cit.,
2173 2725 2199 2750 p.

459 2760 468 2776 3
489 2762 607 2786 Niccolo
628 2766 710 2786 conte
731 2763 757 2786 di
780 2763 882 2791 Fondi,
903 2763 1021 2787 castello
1041 2771 1056 2787 a
1079 2770 1128 2795 119
1148 2763 1200 2787 kil.
1226 2764 1260 2787 da
1314 2761 1373 2793 386.

372 2804 470 2828 Roma.
1403 2803 1423 2819 ¹2
1443 2805 1533 2828 Ponte
1553 2805 1596 2828 sul
1616 2805 1727 2828 Panare
1742 2812 1756 2827 a
1771 2805 1809 2827 sei
1831 2804 1881 2827 kil.
1900 2805 1974 2827 circa
1995 2804 2029 2827 da
2049 2803 2168 2826 Modena
2186 2810 2199 2825 e

459 2846 468 2859 ⁴
489 2846 567 2869 Erasi
590 2853 681 2869 mosso
702 2847 736 2869 da
757 2847 830 2870 Euda
852 2847 873 2869 il
894 2854 907 2877 3
930 2847 1090 2871 novembre.
1314 2853 1348 2877 30
1367 2846 1400 2870 da
1422 2847 1559 2877 Bologna,
1581 2846 1743 2873 sortificato,
1770 2853 1823 2869 con
1850 2849 1925 2870 torre
1950 2853 1964 2869 e
1990 2846 2127 2877 guardato
2154 2844 2198 2867 nel

459 2886 468 2899 ⁵
489 2887 579 2910 Sacile
601 2895 614 2910 a
635 2887 666 2918 63
689 2888 738 2911 kil.
760 2889 793 2911 dn
814 2889 916 2912 Udine.
1314 2896 1367 2912 sec.
1382 2888 1445 2913 XIII
1461 2889 1505 2912 dai
1522 2889 1607 2912 Militi
1624 2888 1778 2920 Templari.
1791 2887 1827 2912 G.
1841 2889 2028 2918 Tnumoscm,
2042 2887 2200 2911 Dizx'onart'o
2225 2890 2260 2915 30

459 2927 470 2941 ⁵
491 2929 649 2953 Cittadella
670 2938 683 2953 a
706 2937 737 2959 29
757 2930 807 2954 kil.
828 2931 860 2953 (la
882 2930 998 2954 Padova
1017 2938 1031 2954 e
1056 2939 1070 2954 a
1092 2937 1123 2961 ²4
1150 2931 1183 2954 da
1210 2930 1259 2953 Vi·
1314 2939 1364 2954 ecc.
1385 2931 1443 2959 cit.¹
1463 2931 1497 2958 ΙΙ,
1517 2938 1562 2962 pp.
1590 2936 1709 2961 203-213.

374 2978 468 2994 senza.
1403 2971 1421 2986 ¹³
1443 2973 1553 2995 Faenza
1572 2979 1588 2996 a
1610 2971 1641 2995 16
1661 2971 1711 2996 kil.
1732 2972 1766 2995 da
1785 2971 1875 2995 Imola
1894 2979 1907 2995 e
1927 2979 1942 2995 a
1964 2978 1993 3002 14
2013 2971 2047 2995 da
2067 2968 2154 2994 Foru.

463 3011 471 3026 ⁷
493 3012 614 3035 Vicenza
635 3020 650 3036 a
670 3012 702 3043 48
723 3013 772 3036 kil.
793 3014 827 3036 da
848 3015 968 3038 Verona.
1403 3012 1425 3028 ¹⁴
1447 3014 1593 3037 Giovannl
1613 3013 1646 3037 ed
1665 3013 1780 3037 Enrico-
