2360 3603
107 228 157 262 [A.
178 228 269 264 1350]
729 223 1042 258 CHRONICON
1071 223 1301 258 ESTENSE

1853 224 1919 262 175

108 354 285 386 obviantes
309 354 387 391 hoc,
411 363 479 385 non
503 353 610 395 potuit
633 354 797 396 consequi
821 364 927 395 usque
953 355 996 386 ad
1020 363 1135 385 xxvm
1161 354 1250 386 diem
1275 354 1357 385 dicti
1382 354 1518 385 mensis.

107 407 206 449 pulus
228 407 390 448 accipere
415 406 552 438 domino
577 407 705 448 Galeas:
731 407 917 438 dominium
941 407 1090 439 civitatis
1113 407 1267 439 Bononie
1293 413 1358 438 etc.
1375 406 1394 438 ¹.

195 460 327 492 Eodem
350 460 527 492 millesimo
552 465 586 491 et
609 471 733 492 mense.
771 460 962 502 Januenses
987 461 1136 492 conflicti
1162 461 1301 491 fuerunt
1323 472 1342 491 a
1367 459 1545 491 Veneticis
1569 466 1635 492 etc.

194 513 327 544 Eodem
352 513 533 544 millesimo
558 518 591 543 et
616 523 741 543 mense.
788 512 952 543 Dominus
977 523 1091 544 comes
1122 513 1252 544 Avilini
1282 513 1387 544 sotius
1417 513 1582 554 principis
1613 514 1774 545 Tarantri
1798 514 1923 546 furtive

63 566 80 597 5
106 566 243 607 accepit
267 566 477 597 Duchessam
500 575 640 596 uxorem
665 564 762 596 ducis
787 564 959 602 calabrie,
985 577 1084 607 quam
1101 565 1270 597 conduxit
1287 571 1381 597 extra
1399 564 1572 597 civitatem
1598 567 1781 607 Neapolim
1806 567 1925 598 volens

104 618 213 660 ipsam
236 618 324 650 tradi
348 619 383 649 in
406 628 547 649 uxorem
571 617 628 648 filii
653 618 721 648 sui:
747 618 839 659 quod
863 618 1073 658 perveniens
1097 619 1141 649 ad
1165 629 1263 649 aures
1291 618 1373 649 dicti
1405 618 1584 659 Principis,
1616 625 1750 650 secutus
1773 625 1823 650 est
1847 630 1923 650 eum

105 681 212 713 usque
236 671 411 702 civitatem
435 670 564 707 Gaiete,
588 669 702 712 ibique
719 670 865 701 interfici
888 670 973 701 fecit
991 680 1078 707 eum,
1095 676 1129 701 et
1145 671 1335 711 predi0tam
1352 670 1523 702 dominam
1540 672 1708 703 conduxit
1732 672 1925 713 Neapolim.

193 724 326 756 Eodem
350 724 529 754 millesimo
553 729 586 754 et
608 733 723 754 mense
747 722 951 754 novembris.
998 723 1163 754 Dominus
1187 723 1290 754 Canis
1314 723 1460 755 Grandis
1477 724 1564 755 filius
1581 724 1710 755 domini
1727 725 1866 756 Mastini
1884 725 1926 756 de

106 777 138 808 la
161 777 262 808 Scala
286 775 382 808 duxit
406 776 438 806 in
461 785 600 807 uxorem
625 775 774 806 nobilem
799 775 970 807 dominam
996 776 1166 807 dominam
1190 775 1389 807 Ysabellam
1414 776 1515 807 filiam
1538 777 1676 808 illustris
1699 784 1732 809 et
1755 778 1927 820 magnifici

46 829 83 860 10
107 829 237 861 domini
260 827 404 860 domini'
428 827 598 860 Ludovici
622 827 665 859 de
688 828 859 870 Bayveria
881 834 915 859 et
937 838 1088 860 sororem
1111 828 1285 870 magnifici
1316 827 1445 860 domini
1477 829 1607 860 domini
1638 829 1850 861 Marchionis
1881 831 1924 862 de

106 881 364 924 Brandiburgo:
388 887 530 922 propter
553 880 650 912 cuius
673 881 857 912 adventum
882 880 1038 912 dominus
1063 880 1228 912 Mastinus
1252 881 1295 912 de
1318 881 1351 913 la
1375 881 1477 912 Scala
1500 882 1687 914 notificavit
1711 883 1829 914 amicis
1860 883 1928 914 suis

105 935 266 976 undique.
312 935 350 965 111
375 934 468 966 cuius
492 933 620 965 honore
646 933 818 965 Veronam
842 934 1067 966 adcesserunt
1090 933 1374 966 Aldrovandinus
1398 935 1543 966 estensis
1560 935 1760 976 capitaneus
1784 942 1816 967 et
1839 936 1927 967 filius

107 987 279 1030 magnifici
303 987 429 1018 domini
454 986 581 1018 domini
606 986 769 1029 Obieonis
792 987 998 1018 marchionis
1021 987 1173 1023 estensis,
1198 987 1353 1019 dominus
1376 987 1553 1019 Bernabos
1576 998 1683 1029 nepos
1700 989 1927 1030 potentissimi

107 1040 236 1071 domini
259 1040 389 1071 domini
411 1039 576 1081 Johannis
600 1039 825 1071 Vicecomitis
848 1039 1102 1081 archiepiscopi
1125 1039 1328 1079 Mediolani,
1352 1040 1508 1071 dominus
1531 1041 1682 1082 Jacobus
1709 1042 1751 1073 de
1783 1042 1925 1073 Cararia

46 1093 81 1123 15
108 1093 265 1124 dominus
290 1093 414 1129 Padue,
439 1098 474 1123 et
496 1091 554 1123 alii
576 1091 718 1123 nobiles.
765 1092 866 1123 Tunc
891 1092 984 1124 dicta
1008 1092 1155 1123 Domina
1180 1093 1459 1135 appropinquans
1482 1093 1656 1125 Veronam
1675 1093 1809 1125 obviam
1827 1095 1858 1125 ei
1875 1094 1927 1124 in-

106 1155 241 1186 gressus
265 1150 316 1176 est
338 1145 494 1176 dominus
516 1143 680 1176 Albertus
709 1144 817 1175 frater
848 1145 977 1177 domini
1007 1143 1147 1176 Mastini
1178 1145 1326 1186 predicti
1359 1156 1435 1177 cum
1467 1146 1659 1177 honorabili
1690 1147 1855 1178 societate
1886 1157 1926 1178 ac

106 1198 286 1230 multarum
311 1198 524 1230 dominarum
549 1198 659 1238 copia,
683 1204 877 1229 ornatarum
907 1198 1062 1229 omnibus
1094 1198 1304 1230 ornamentis
1334 1198 1578 1230 honorabiliter
1608 1209 1685 1230 cum
1716 1199 1927 1231 iocunditate

106 1256 140 1282 et
162 1251 300 1292 gaudio.
346 1250 581 1282 Astiludentes
605 1255 638 1281 et
661 1250 931 1282 armilustrantes
955 1251 998 1281 ad
1021 1251 1157 1282 frenum
1181 1251 1262 1292 equi
1285 1251 1337 1282 sui
1354 1250 1607 1283 antecedebant
1624 1252 1781 1283 dominus
1796 1251 1855 1284 Sic
1871 1252 1923 1284 de'

106 1303 320 1340 Caldinacio‚
343 1302 596 1334 mareschalcus
621 1303 722 1334 etiam
746 1303 873 1334 domini
898 1303 1106 1334 marchionis
1130 1304 1173 1335 de
1197 1303 1436 1346 Brandiburgo
1460 1310 1525 1336 ete.

42 1355 84 1386 20
192 1355 324 1387 Eodem
347 1365 436 1392 sero,
459 1355 615 1386 dominus
638 1355 740 1386 Canis
763 1356 984 1396 desponsavit
1007 1365 1081 1387 eam
1105 1361 1140 1387 et
1163 1356 1258 1387 curia
1281 1357 1426 1388 maxima
1449 1357 1543 1388 facta
1566 1357 1631 1389 fuit
1652 1358 1687 1388 in
1704 1358 1844 1390 Verona
1860 1365 1926 1390 etc.

192 1407 324 1439 Eodem
348 1407 537 1448 millesimo,
562 1408 605 1438 de
628 1417 743 1439 mense
765 1407 971 1439 novembris.
1009 1408 1197 1449 Januenses
1221 1408 1366 1451 ingressi
1389 1414 1467 1440 sunt
1492 1415 1617 1441 terram
1643 1410 1866 1453 Nigripontis,
1893 1411 1927 1442 in

106 1472 173 1503 qua
195 1461 366 1492 carcerati
391 1467 488 1492 erant
510 1461 606 1492 multi
629 1470 672 1491 ex
695 1466 836 1502 propter
859 1461 1055 1492 conflictum
1077 1468 1253 1503 receptum
1277 1473 1296 1493 a
1320 1462 1510 1499 veneticis,
1533 1469 1566 1495 et
1589 1469 1689 1494 nocte
1715 1465 1861 1505 quadam
1879 1464 1928 1496 in-

105 1520 281 1546 traverunt
304 1514 476 1546 civitatem
502 1520 535 1545 et
558 1513 760 1545 occiderunt
784 1513 917 1551 multos,
943 1520 976 1545 et
1000 1515 1180 1556 fregerunt
1203 1525 1372 1553 carceres,
1397 1521 1430 1546 et
1453 1516 1566 1547 taliter
1588 1517 1731 1548 relaxati
1761 1522 1839 1548 sunt
1870 1518 1926 1559 Ja-

106 1577 252 1598 nuenses
276 1567 456 1604 carcerati,
481 1572 514 1598 et
538 1565 800 1598 combusserunt
823 1566 1008 1604 civitatem,
1033 1574 1065 1598 et
1089 1567 1203 1599 omnia
1228 1568 1477 1609 desposuerunt
1500 1570 1545 1600 ad
1569 1570 1711 1611 predam
1742 1569 1777 1601 in
1809 1580 1924 1602 eorum

45 1620 85 1652 25
110 1620 313 1652 hutilitatem
337 1626 404 1652 etc.

196 1672 327 1705 Eodem
350 1672 542 1707 millesimo,
568 1672 671 1704 xxvr⁰
693 1673 900 1705 novembris.
946 1672 1111 1705 Dominus
1135 1684 1249 1705 comes
1272 1675 1503 1706 Romandiole
1521 1685 1599 1706 cum
1616 1676 1770 1708 exercitu
1787 1676 1929 1707 recessit

108 1725 229 1758 Castro
252 1726 362 1758 sancti
385 1726 479 1757 Petri
503 1731 536 1757 et
559 1725 706 1768 ingressi
730 1731 807 1757 sunt
831 1725 994 1757 Budrium
1009 1725 1020 1742 ²
1045 1726 1218 1758 districtus
1242 1727 1409 1765 Bononie‚
1433 1727 1500 1759 alio
1524 1728 1579 1759 die
1603 1729 1757 1760 canalem
1773 1728 1901 1771 Pegole
1916 1729 1927 1745 ³

108 1784 322 1811 transeuntes
346 1778 432 1810 illud
455 1785 490 1811 et
513 1785 698 1821 pergentes
720 1785 845 1810 terram
869 1777 1044 1821 Arcellate
1059 1778 1079 1817 ⁴¹,
1103 1785 1137 1810 et
1161 1780 1413 1812 castramentati
1437 1786 1515 1812 sunt
1538 1781 1585 1812 ibi
1609 1787 1676 1813 etc.

194 1832 326 1864 Eodem
350 1831 540 1869 millesimo,
565 1838 598 1863 et
621 1841 738 1863 mense
763 1831 969 1864 decembris.
1015 1832 1137 1864 Comes
1160 1833 1335 1874 predictus
1362 1844 1438 1865 cum
1469 1834 1624 1865 exercitu
1647 1840 1859 1866 recesserunt
1884 1835 1928 1866 de

43 1886 84 1917 30
108 1884 283 1928 Arcellata
309 1891 452 1927 propter
482 1886 617 1922 famem,
646 1890 680 1916 et
710 1885 886 1917 redierunt
917 1891 1041 1917 terram
1072 1885 1206 1921 Budrii;
1236 1885 1363 1918 deinde
1393 1887 1530 1918 iverunt
1554 1893 1677 1918 terram
1702 1887 1832 1930 Cavagi
1846 1887 1866 1926 ⁵,
1895 1893 1930 1919 et

109 1937 301 1970 habuerunt
325 1948 399 1969 eam
423 1947 486 1980 per
510 1938 587 1969 vim.

195 1991 328 2023 Eodem
351 1991 543 2030 millesimo,
567 1991 623 2023 die
646 1990 732 2034 jovis
754 2000 817 2022 xvi
841 1990 1043 2023 decembris.
1090 1993 1256 2024 Dominus
1279 1992 1389 2035 Obico
1413 1993 1566 2025 marchio
1590 1994 1735 2025 estensis
1758 1994 1930 2037 ingressus

109 2050 161 2076 est
184 2044 358 2077 Veronam
382 2043 426 2076 ad
449 2044 698 2086 parlamentum
722 2054 799 2075 cum
823 2044 960 2076 domino
983 2045 1142 2078 Mastino.

198 2096 330 2129 Eodem
354 2097 546 2134 millesimo,
571 2098 626 2129 die
652 2107 726 2128 xvn
751 2097 952 2129 decembris.
998 2098 1164 2130 Dominus
1187 2109 1277 2141 papa
1301 2098 1462 2131 Clemens
1492 2105 1606 2131 sextus
1636 2101 1811 2132 constituit
1843 2101 1928 2132 duo-

46 2149 86 2182 35
111 2149 223 2182 decim
247 2150 448 2188 cardinales,
473 2150 560 2182 duos
581 2150 738 2193 ytalicos,
762 2150 924 2182 videlicet
947 2150 1120 2183 dominum
1144 2152 1365 2195 Raynaldum
1389 2153 1431 2184 de
1448 2152 1592 2184 Ursinus
1614 2163 1790 2184 romanum
1817 2159 1851 2185 et
1867 2154 1929 2185 do-

111 2203 238 2234 minum
262 2203 441 2234 Niccolam
464 2203 687 2244 Capochium,
711 2203 795 2235 alios
820 2213 900 2235 V1111
923 2203 1204 2237 ultramontanos.

197 2255 330 2287 Eodem
352 2256 542 2294 millesimo,
566 2255 622 2287 die
646 2256 768 2287 XV1111⁰
790 2256 916 2288 mensis
939 2256 1141 2289 decembris.
1188 2257 1352 2289 Dominus
1368 2258 1522 2300 Jacobus
1545 2259 1589 2290 de
1615 2258 1755 2290 Cararia
1772 2258 1930 2291 dominus

111 2308 238 2340 Padue'
264 2308 314 2340 fui
339 2314 490 2340 mortuus
514 2319 533 2340 a
556 2309 753 2341 Guillielmo
777 2309 844 2341 filio
867 2309 1012 2341 naturali
1038 2310 1166 2342 domini
1188 2311 1312 2353 Jacobi
1337 2312 1461 2344 veteris
1485 2311 1527 2343 de
1550 2311 1726 2344 Cararia⁶.

1565 354 1665 385 Tunc
1683 354 1842 395 permixit
1859 354 1923 385 Po-

203 2444 226 2462 2.
245 2437 380 2472 Galeaqio
398 2439 437 2468 B3
458 2438 591 2462 Galeazio
611 2438 689 2463 Mun.
711 2452 742 2455 —
762 2445 786 2470 3.
806 2439 957 2463 millesimo
976 2441 1004 2463 et
1022 2448 1069 2464 om.
1090 2439 1167 2465 Mun.
1187 2453 1219 2457 --
1239 2448 1263 2472 4.
1282 2440 1458 2465 Eodem....
1478 2448 1569 2465 mense
1588 2450 1635 2466 om.
1654 2441 1732 2466 Mun.
1754 2455 1785 2459 —
1808 2447 1831 2472 5.
1850 2441 1931 2465 duxit

115 2479 230 2504 BMUR.
250 2493 258 2498 -
277 2480 412 2513 Neapolis
431 2488 499 2504 corr.
519 2480 597 2505 MUR.
616 2494 647 2497 —
668 2479 691 2504 8.
712 2481 738 2504 in
758 2481 880 2512 margine
899 2482 929 2505 di
947 2481 970 2505 A
989 2481 1002 2504 ὲ
1021 2481 1161 2513 disegnalo
1180 2490 1231 2506 una
1250 2484 1324 2506 scala
1336 2483 1392 2515 fra
1411 2484 1435 2506 le
1455 2483 1562 2507 iniziali
1578 2484 1606 2507 M
1626 2492 1638 2507 e
1658 2483 1680 2507 C
1701 2497 1733 2500 —
1763 2490 1800 2507 12.
1826 2482 1930 2507 Veron.

115 2522 190 2552 ΑΒς
210 2522 383 2546 Veronenses
401 2522 479 2546 Mun.
500 2536 530 2540 -
551 2529 593 2547 21.
613 2523 764 2546 millesimo
783 2523 816 2547 de
835 2531 882 2547 om.
902 2523 978 2547 MUR.
999 2537 1031 2540 —
1051 2523 1092 2548 26.
1112 2524 1215 2548 Eodem
1237 2524 1400 2556 millesimo]
1421 2525 1466 2548 die
1484 2525 1562 2549 MuR.
1582 2539 1614 2542 —
1635 2532 1675 2557 29.
1695 2525 1799 2549 Eodem
1812 2541 1836 2549 ..
1849 2544 1853 2549 .
1866 2544 1871 2548 .
1891 2524 1930 2556 et]

117 2563 149 2587 de
170 2563 247 2588 Mun.
267 2577 299 2581 —
320 2571 360 2596 33.
380 2564 505 2588 Mastino
525 2564 557 2588 de
577 2564 603 2588 la
623 2563 704 2588 Scala
725 2564 836 2589 ΒΜυκ.
858 2578 889 2581 —
910 2563 951 2596 36.
972 2563 1053 2589 v1111⁰
1072 2566 1113 2594 A;
1134 2573 1153 2590 x
1173 2567 1198 2590 Β
1211 2566 1289 2590 Mun.

71 2658 84 2682 5
201 2649 208 2666 ¹
228 2651 279 2679 Per
299 2652 325 2675 la
344 2652 478 2683 Signoria
498 2653 542 2676 del
564 2653 696 2677 Visconti
718 2654 747 2676 in
768 2653 905 2685 Bologna,
920 2661 945 2677 v.
960 2653 993 2677 A.

113 2695 260 2725 SORBELM,
279 2695 321 2718 La
341 2695 470 2726 Signoria
489 2696 519 2719 di
542 2696 617 2720 Giov.
643 2695 785 2720 Visconlia
802 2698 923 2728 Bologna
938 2701 993 2725 etc„

1135 2652 1146 2668 ²
1165 2655 1271 2678 Budrio
1292 2663 1305 2679 a
1327 2661 1357 2685 17
1379 2655 1428 2679 kil.
1449 2657 1522 2679 circa
1542 2656 1576 2680 da
1596 2656 1734 2687 Bologna.

1135 2694 1145 2711 ³
1164 2697 1267 2728 Pegola
1289 2698 1417 2722 srazione
1437 2699 1481 2722 del
1500 2706 1572 2722 com.
1598 2699 1625 2722 di
1653 2699 1831 2730 Malalborgo
1857 2706 1871 2721 a
1899 2704 1933 2729 30
1964 2701 1991 2725 15

57 2869 88 2886 10

114 2735 249 2767 Bologna,
272 2742 345 2767 1901.
382 2736 404 2759 Il
425 2742 456 2767 23
475 2737 588 2761 ottobre
608 2737 746 2762 Galeazzo
767 2737 863 2762 arrivo
882 2746 897 2761 a
911 2739 993 2762 Bolo-

114 2785 168 2809 gna
189 2785 241 2801 con
265 2784 330 2802 1200
349 2778 470 2809 cavalli;
490 2779 513 2802 11
533 2785 566 2810 24
591 2779 621 2803 fu
646 2780 770 2804 adunato
797 2780 816 2803 il
844 2780 994 2812 Consiglio

115 2819 159 2843 del
177 2819 286 2851 Popolo
306 2819 354 2843 che
379 2819 506 2852 approvo
534 2823 708 2846 nonostante
734 2822 941 2853 l'opposizlone
966 2823 995 2846 di

114 2862 208 2885 alcuni
230 2862 256 2885 la
277 2862 401 2885 cessione
421 2861 494 2885 della
513 2862 646 2894 Signoria
664 2864 691 2888 al
712 2864 759 2888 V.:
774 2864 794 2887 il
810 2869 839 2894 25
856 2863 994 2888 Galeazzo

115 2903 167 2927 sali
190 2905 217 2927 in
237 2904 354 2936 palazzo
374 2904 446 2927 dove
473 2904 500 2927 fu
527 2905 683 2929 acclamato
708 2905 829 2937 Signore
855 2907 884 2929 in
912 2913 996 2930 nome

114 2945 364 2969 dell'arcivescovo
383 2944 537 2969 Giovanni.
574 2945 619 2971 Cf.
645 2947 679 2971 A.
699 2946 850 2977 Sonam,
876 2948 914 2971 Le
939 2956 996 2971 cro-

115 2988 193 3010 nuche
215 2987 360 3018 Bolognesi
371 2988 417 3010 del
427 2995 475 3010 sec.
490 2988 570 3017 XIV,
585 2988 722 3020 Bologna,
741 2994 815 3019 1920,
829 2996 875 3020 pp.
893 2989 996 3020 124-28.

1048 2737 1097 2761 kil.
1118 2739 1192 2762 circa
1211 2739 1245 2762 da
1271 2739 1410 2770 Bologna.

1136 2778 1147 2794 ⁴
1168 2780 1304 2811 Argelato
1325 2787 1341 2804 a
1359 2781 1410 2805 kil.
1432 2781 1462 2805 18
1482 2782 1515 2805 da
1535 2782 1672 2812 Bologna.

1136 2821 1146 2837 ⁵
1167 2821 1290 2850 Cavalli,
1319 2823 1437 2847 castello
1458 2831 1514 2847 non
1541 2824 1660 2847 lontano
1680 2824 1714 2847 da
1733 2824 1848 2847 Budri0.
1886 2822 1931 2847 Cf.

1049 2862 1268 2895 GnmARnAccx,
1288 2865 1308 2896 1,
1327 2872 1386 2896 340,
1407 2865 1468 2896 378,
1490 2865 1548 2896 546.

1135 2904 1146 2921 ⁶
1165 2906 1188 2929 Il
1209 2907 1303 2930 Chron.
1324 2908 1382 2930 Est.
1400 2908 1424 2931 si
1449 2908 1566 2931 accorda
1593 2908 1637 2930 col
1666 2908 1747 2931 Liber
1772 2908 1932 2939 regiminum
1962 2914 1974 2931 2

1049 2947 1142 2971 Padue
1161 2947 1213 2978 (ed.
1228 2948 1362 2977 Bonardi,
1376 2955 1400 2979 p.
1415 2947 1479 2980 369)
1494 2949 1537 2971 nel
1552 2948 1646 2972 fissare
1660 2949 1687 2972 la
1701 2951 1791 2972 morte
1806 2948 1850 2972 del
1866 2948 1933 2972 Car-

1050 2996 1139 3012 rarese
1158 2989 1183 3012 al
1207 2996 1238 3020 ¹9
1255 2990 1408 3018 dicembre3
1430 2990 1448 3013 il
1471 2991 1565 3014 chron.
1586 2991 1683 3014 llltctin.
1704 2990 1740 3021 (n.
1762 2991 1803 3013 ed.
1824 2998 1849 3021 p.
1872 2989 1932 3020 149)

2005 846 2023 860 c.
2040 846 2101 864 1321}

1995 1317 2068 1340 Mun„
2084 1318 2121 1340 46³
