2360 3603
200 953 219 966 ί.
237 952 288 965 1101

175 999 253 1020 Mun..
267 1004 305 1021 430

331 2567 362 2584 10

333 2776 361 2802 15

333 2987 365 3004 20

388 224 457 257 140
2044 228 2094 262 [A.
2116 232 2208 264 1346]

1010 221 1319 256 CHRONICON
1348 222 1516 257 ESTEN
1520 222 1579 256 SE

381 354 517 396 ingenia
540 353 649 384 securi
673 353 875 384 existebant.
921 353 1022 384 Tunc
1046 364 1107 384 rex
1128 352 1284 390 Francie‚
1318 352 1375 393 qui
1407 353 1581 384 inimicum
1612 353 1758 385 habebat
1782 364 1896 395 regem
1920 353 2057 396 Anglie,
2082 355 2210 386 fronta-

382 413 477 437 tenus
501 407 531 437 ei
556 406 698 437 firmavit
722 405 908 436 exercitum
931 416 1038 443 suum,
1064 411 1097 436 et
1121 404 1290 435 ordinavit
1314 404 1405 435 acies
1428 415 1504 436 suas
1535 406 1580 436 ad
1604 405 1739 436 bellum.
1785 406 1885 436 Tunc
1909 416 1970 436 rex
1994 406 2131 449 Anglie,
2155 408 2211 449 qui

381 470 448 490 non
472 458 606 490 valebat
630 464 750 490 contra
774 468 850 489 eum
875 459 917 489 de
942 468 1084 488 numero
1108 457 1269 499 gentium,
1305 457 1475 488 ordinavit
1509 458 1659 499 gentium
1691 469 1826 489 suarum
1852 465 1919 490 tres
1943 460 2045 497 acies,
2069 470 2210 501 quarum

381 511 546 553 prima[m]
571 510 742 542 concessit
766 510 827 541 sub
852 511 921 541 filio
946 520 1019 547 suo,
1043 510 1162 541 dicens
1195 510 1240 540 ei:
1266 509 1342 540 Fila·
1363 510 1545 551 carissime,
1571 522 1655 541 mmc
1679 521 1900 552 congnoscam
1924 512 2081 543 virtutem
2106 517 2211 544 tuam:

381 565 476 595 hodic
499 568 549 595 est
571 564 642 594 dics
664 564 780 594 salutis
804 568 930 604 noslrc,·
965 563 1065 594 aliam
1089 574 1170 594 vero
1203 562 1473 605 sagyptariorum
1507 563 1614 594 aciem
1647 574 1708 604 pro
1740 574 1787 602 se,
1819 570 1853 596 et
1884 564 2009 596 milites
2040 571 2211 606 equestres

380 628 442 658 pro
467 627 513 648 se.
560 617 659 647 Tunc
684 617 717 647 in
740 617 824 647 hora
848 615 1053 657 vespertina,
1078 616 1135 647 die
1161 625 1247 646 xxvi
1273 615 1397 646 mensis
1421 616 1564 657 augusti,
1589 616 1714 647 bellum
1740 617 1913 658 inceptum
1937 623 1987 648 est
2011 629 2052 649 ex
2068 623 2212 659 utraque

380 676 475 711 parte
500 670 621 701 durum
646 676 679 701 et
713 669 866 706 mortale,
898 669 979 711 quia
1010 668 1173 700 balisterii
1198 668 1390 704 ianuenses,
1415 669 1472 710 qui
1507 669 1552 700 ibi
1584 675 1690 707 erant,
1715 669 1834 700 mirum
1862 669 2157 702 demostraverunt
2179 671 2212 702 in

381 723 492 760 armis,
518 728 550 753 et
574 728 670 753 erant
695 733 772 754 cum
798 731 878 764 rege
903 722 1059 754 Francie.
1106 721 1161 752 Ab
1193 721 1259 752 alia
1289 727 1387 762 parte
1419 721 1603 764 sagyptarii
1634 722 1722 764 regis
1753 721 1879 764 Anglie
1910 723 2057 754 viriliter
2089 724 2213 765 prelia-

381 775 502 806 bantur
527 781 560 806 et
583 775 838 816 dapnificabant
860 774 1028 806 inimicos.
1076 775 1177 805 Tunc
1201 773 1324 804 milites
1349 773 1431 804 dicti
1454 773 1545 816 regis
1568 773 1696 816 Anglie
1723 774 1973 807 descenderunt
1990 775 2164 818 quadrigis
2181 781 2216 808 et

382 828 635 860 adscenderunt
659 838 764 869 equos
788 838 875 865 suos,
901 833 934 858 et
965 827 1107 858 viriliter
1135 826 1263 858 bellum
1287 826 1532 858 commiserunt
1557 837 1633 857 cum
1665 827 1818 865 inimicis,
1844 828 1924 869 quia
1947 839 1990 859 ex
2022 829 2088 859 alia
2118 835 2213 870 parte

382 882 473 923 regis
498 880 643 912 Francie
668 886 763 911 erant
796 881 831 911 in
866 879 956 911 bello
982 889 1100 910 omnes
1132 879 1266 910 nobiles
1297 878 1443 910 barones
1475 878 1555 910 eius.
1601 879 1713 910 Etiam
1748 890 1807 910 rex
1838 880 2016 921 predictus
2047 881 2216 913 mirabilia

383 934 603 966 demostravit
626 933 669 964 de
693 942 841 974 persona
857 943 933 969 sua3
951 938 1075 969 tamen,
1093 938 1194 973 prout
1218 931 1346 973 placuit
1362 931 1448 968 Deo,
1466 938 1584 973 gentes
1607 932 1696 973 regis
1717 932 1864 964 Francie
1889 933 2046 964 conflic'ti
2070 934 2218 973 fuerunt,

385 993 420 1018 et
443 986 566 1017 mortui
591 986 688 1016 multi
712 984 861 1022 nobiles,'
887 985 1067 1016 videlicet:

470 1079 633 1110 Dominus
656 1089 717 1110 rex
739 1079 915 1120 Johannes
939 1077 1103 1109 Bohemie

469 1133 592 1164 Comes
617 1132 660 1163 de
684 1132 846 1174 Lancone
870 1131 978 1162 frater
999 1131 1090 1173 regis
1114 1130 1277 1162 Francie¹

470 1186 595 1218 Comes
618 1185 731 1217 Salme
756 1185 798 1215 de
822 1183 1025 1215 Alemania²

470 1239 549 1270 Dux
572 1239 616 1270 de
639 1237 788 1269 Lorem³

470 1292 592 1323 Comes
616 1289 743 1322 Broxi⁴

471 1346 595 1376 Comes
618 1343 784 1375 Lanfuri⁵

471 1398 594 1430 Comes
617 1396 790 1428 Atticorte
807 1396 818 1412 ⁶

470 1451 593 1482 Comes
616 1450 833 1492 Remilingus
858 1450 930 1481 eius
954 1450 1039 1482 filius
1053 1450 1063 1468 “¹

471 1505 595 1536 Comes
619 1503 646 1534 F
650 1503 767 1534 landre
782 1501 792 1518 ⁸

471 1598 548 1628 Dux
571 1595 750 1627 Brectanie
776 1602 809 1627 et
832 1596 926 1627 multi
952 1596 1009 1627 alii
1032 1596 1175 1634 nobiles,
1200 1597 1258 1638 qui
1282 1607 1424 1628 numero
1449 1598 1588 1629 {uerunt
1611 1598 1741 1639 reperti
1765 1599 1889 1630 mortui
1916 1598 1951 1629 in
1981 1599 2074 1629 dicto
2099 1608 2220 1640 campo

386 1651 479 1682 circa
503 1653 580 1681 111111ε
604 1650 676 1681 sine
700 1650 772 1681 aliis
790 1650 891 1681 etiam
914 1650 1053 1681 mortuis
1077 1650 1320 1692 cuiuscumque
1346 1650 1575 1682 condictionis
1600 1651 1693 1682 circa
1718 1654 1786 1682 xx'n
1811 1651 1980 1689 homines,
2004 1652 2083 1693 quia
2100 1657 2220 1694 gentes

386 1704 475 1746 regis
499 1703 623 1745 Anglie
649 1703 794 1744 aliquam
819 1703 1225 1745 nolueruntmimpendere
1249 1703 1517 1735 misericordiam
1542 1704 1702 1740 Francis:
1728 1710 1761 1736 et
1784 1704 1811 1735 si
1834 1715 1901 1736 non
1922 1705 2126 1736 occidebant
2149 1714 2218 1742 eos,

383 1756 580 1788 incidebant
604 1755 650 1787 eis
675 1765 784 1792 nares,
810 1761 846 1787 ut
871 1761 1187 1798 congnoscerentur
1211 1755 1252 1787 ab
1277 1756 1359 1787 aliis.
1406 1756 1485 1788 Rex
1509 1755 1655 1788 Francie
1679 1767 1760 1788 vero
1786 1758 1872 1800 fugit
1896 1758 1938 1789 de
1957 1767 2090 1799 campo,
2107 1763 2140 1788 et
2156 1757 2220 1789 ivit

384 1810 428 1841 ad
445 1809 622 1851 quamdam
640 1808 835 1840 fortiliciam
849 1808 1034 1851 Dalphyny
1051 1809 1094 1839 de
1106 1807 1290 1840 Alvernia⁰
1303 1819 1380 1839 cum
1395 1809 1487 1840 circa
1504 1819 1551 1840 XL
1567 1809 1747 1846 militibus:
1766 1810 1903 1842 nomina
1920 1810 2108 1852 aliquorum
2123 1815 2216 1841 sunt:

383 1862 660 1903 archiepiscopus
675 1861 784 1898 Sensi,
802 1861 983 1902 episcopus
999 1861 1148 1892 Medexe
1159 1860 1192 1899 ¹⁰,
1218 1872 1334 1893 comes
1346 1861 1480 1893 Alticus
1497 1863 1540 1894 de
1557 1863 1682 1894 Remio
1693 1862 1725 1901 ¹¹,
1740 1869 1772 1894 et
1797 1863 1883 1894 filius
1901 1862 2097 1895 cancellerii
2113 1863 2220 1894 Fran-

385 1914 477 1952 cie¹²‚
496 1920 528 1946 et
545 1914 684 1956 quidem
701 1914 785 1945 alius
802 1914 896 1944 miles
914 1914 956 1944 de
975 1914 1157 1955 Sassogna,
1175 1920 1208 1945 et
1225 1914 1282 1945 alii
1305 1914 1363 1956 qui
1380 1924 1456 1945 cum
1474 1925 1515 1946 eo
1540 1915 1712 1957 sugerunt.
1736 1916 1872 1948 Deinde
1889 1916 2077 1947 licentiavit
2093 1925 2220 1952 omnes,

385 1974 420 1999 ut
443 1967 646 1999 recederent
669 1973 702 1998 et
724 1967 877 1997 redirent
900 1966 1053 2008 partibus
1078 1977 1205 2005 eorum,
1231 1973 1267 1998 ut
1290 1973 1429 2008 possent
1451 1968 1649 2009 recuperari
1675 1979 1767 1999 arma
1791 1974 1824 1999 et
1848 1978 1964 2010 equos,
1982 1974 2014 1999 et
2038 1969 2083 2000 ad
2106 1978 2221 2010 regem

386 2021 512 2053 reverti
536 2020 701 2052 deberent
725 2020 814 2051 infra
842 2030 890 2050 xv
919 2020 1001 2051 dies.
1050 2020 1093 2051 Et
1117 2021 1302 2052 notandum
1328 2026 1389 2058 est,
1418 2021 1511 2062 quod
1535 2021 1661 2052 bellum
1690 2022 1823 2053 duravit
1848 2021 1890 2052 ab
1914 2022 2000 2053 hora
2021 2022 2220 2063 vespertina

474 2139 527 2157 1-2.
549 2132 724 2155 srontatenus
743 2131 787 2158 A:
807 2130 971 2155 frontaneus
992 2131 1106 2155 BMUR.
1127 2145 1157 2148 —-
1182 2131 1220 2155 16.
1242 2132 1343 2156 Comes
1362 2132 1473 2156 Salinae
1492 2132 1570 2157 MUR.
1591 2146 1623 2149 —
1644 2138 1685 2156 20.
1706 2132 1854 2156 Anticorte
1872 2132 1930 2156 AB
1943 2132 2020 2156 MUR.
2041 2145 2072 2148 —
2094 2132 2136 2157 26.
2155 2139 2220 2156 vero

387 2182 434 2197 om.
455 2174 531 2197 Mna.
553 2187 584 2190 —
606 2178 646 2204 27.
668 2174 802 2197 Alvernia
821 2173 863 2199 A,·
884 2172 1017 2196 Alumnia
1037 2173 1148 2196 BMUR.
1171 2187 1201 2189 ἡ
1224 2180 1265 2204 29.
1285 2174 1398 2204 quidam
1418 2173 1495 2198 Mun.
1517 2187 1527 2191 -
1547 2174 1694 2205 Sansogna
1713 2174 1791 2198 Mun.
1811 2188 1842 2191 —
1863 2181 1905 2205 30.
1918 2175 1980 2204 dopo
2000 2173 2124 2198 redirent
2142 2174 2220 2198 MUR.

387 2223 444 2247 agg.
467 2216 495 2239 in
516 2229 526 2233 -
546 2222 706 2247 recuperare
725 2223 789 2238 corr.
812 2215 888 2238 MUR.

474 2310 480 2326 ¹
502 2311 588 2336 Carlo
607 2311 631 2335 II
651 2312 680 2335 di
700 2312 806 2341 Valois,
825 2312 905 2335 conte
924 2310 1087 2345 d'Aleneon.

475 2352 486 2368 2
506 2354 596 2377 Conte
614 2353 643 2376 di
661 2353 744 2377 Salm.

475 2396 485 2412 3
504 2396 595 2419 Raoul
615 2395 683 2419 duca
703 2395 733 2418 (11
752 2396 868 2419 Lorena.

475 2438 484 2454 ⁴
505 2437 587 2468 Luigi
608 2437 618 2460 I
632 2437 662 2460 (11
682 2437 839 2466 Chatillon,
853 2438 936 2460 conte
952 2437 979 2460 di
995 2437 1072 2460 Blois
1087 2445 1100 2460 e
1114 2437 1142 2460 di
1158 2438 1277 2461 Dunois.

476 2479 486 2494 5
507 2480 590 2510 Luigi
610 2479 634 2503 11
653 2481 735 2503 conte
755 2480 782 2502 di
803 2480 943 2504 Sancerre.

475 2520 485 2534 '³
504 2521 646 2545 Giovanni
666 2521 704 2544 IV
724 2522 806 2544 conte
826 2521 855 2544 di
875 2521 1022 2545 Harcourt.

476 2561 486 2577 7
506 2564 569 2586 Non
584 2563 607 2585 si
618 2569 736 2586 conosce
751 2570 785 2585 un
800 2562 876 2593 figlio
890 2563 918 2585 di
933 2562 1076 2586 Giovanni
1092 2563 1128 2587 IV
1139 2563 1279 2587 ehiamato

388 2605 557 2635 Remilingo.
594 2604 615 2627 Il
635 2603 737 2627 villani
757 2604 813 2627 cita
832 2604 850 2627 il
871 2604 962 2628 Conte
989 2602 1160 2629 d’Albamale
1180 2605 1279 2636 (ci’Au-

390 2646 486 2677 malle),
506 2646 534 2670 di
560 2654 641 2670 nome
667 2645 822 2676 Giovannt,
844 2646 894 2669 che
920 2645 950 2669 fu
976 2646 995 2669 11
1022 2647 1212 2678 primogenito
1238 2647 1280 2670 del

1329 2314 1428 2343 questo
1443 2314 1531 2345 punto
1550 2311 1624 2336 cosi:
1639 2312 1652 2326 “
1663 2313 1684 2336 E
1706 2313 1726 2336 11
1738 2313 1777 2337 Re
1795 2312 1824 2336 di
1838 2312 1957 2336 Francia
1975 2312 1999 2336 si
2017 2310 2094 2344 fuggi
2107 2311 2133 2336 la
2146 2312 2225 2335 not-te

1332 2356 1344 2370 ‘⁴
1357 2354 1393 2378 ad
1412 2355 1546 2378 Amiensa
1565 2353 1661 2384 sedito,
1681 2355 1923 2379 coll‘arcivescovo
1942 2354 1970 2378 di
1993 2355 2060 2379 Sens
2078 2361 2093 2377 e
2116 2354 2159 2377 col
2178 2361 2224 2377 ve-

1332 2397 1345 2409 “
1358 2403 1443 2420 scovo
1457 2396 1483 2419 di
1503 2397 1639 2420 Amicnsa
1652 2404 1666 2420 e
1679 2397 1723 2420 col
1745 2396 1834 2421 Conte
1854 2396 2000 2420 d’Alzurro
2014 2403 2028 2420 e
2048 2396 2089 2419 col
2103 2395 2225 2427 figliuolo

1333 2438 1399 2462 “del
1417 2438 1577 2463 eaneelliere
1602 2438 1629 2462 di
1650 2439 1769 2462 Francia
1781 2454 1794 2467 „
1820 2446 1874 2462 ecc.
1910 2438 1976 2467 Ora,
1995 2445 2023 2462 se
2042 2438 2060 2461 il
2085 2438 2191 2462 Villani
2210 2436 2225 2461 ὲ

1333 2481 1375 2504 nel
1389 2487 1465 2510 vero,
1478 2488 1556 2504 come
1572 2487 1644 2512 pare,
1658 2480 1857 2504 1’areivescovo
1877 2481 1906 2504 di
1919 2481 2016 2504 Reims
2029 2479 2143 2504 sai-ebbe
2157 2478 2225 2503 Gio-

1334 2523 1420 2546 vanni
1441 2522 1469 2545 di
1491 2522 1607 2546 Vienna.
1641 2522 1845 2552 (Areiveseovo
1865 2521 1894 2545 di
1913 2521 1981 2545 Sens
1999 2522 2030 2545 in
2052 2520 2113 2551 quel
2131 2522 2225 2552 tempo

1333 2571 1379 2588 era
1393 2564 1550 2595 Guglielmo
1565 2563 1591 2587 di
1607 2563 1721 2594 Melum).
1758 2561 1824 2587 Cosl
1838 2562 1853 2587 ὲ
1868 2563 2012 2596 probabile
2025 2563 2073 2586 che
2087 2563 2106 2586 il
2120 2561 2226 2586 villani

1333 2605 1415 2629 abbia
1433 2606 1597 2628 conservata
1622 2611 1677 2628 una
1702 2604 1807 2628 lezione
1833 2605 1959 2635 migliore
1983 2604 2056 2635 negli
2080 2604 2145 2627 altri
2168 2604 2226 2627 cesi

1334 2647 1467 2679 (vescovo
1488 2647 1516 2670 di
1535 2648 1652 2671 Amicus
1670 2655 1715 2671 era
1735 2647 1880 2671 Giovanni
1898 2647 1926 2670 di
1946 2645 2171 2677 Cherchemont).

390 2689 481 2713 Conte
500 2689 528 2712 di
548 2689 687 2712 1-1arcourt
705 2695 719 2711 e
739 2696 816 2720 prese
835 2689 1052 2713 effettivamente
1066 2690 1143 2721 parte
1156 2689 1209 2725 alla
1222 2689 1281 2713 bat·
1411 2687 1431 2704 ¹¹
1452 2690 1473 2713 Il
1498 2689 1605 2713 Villani
1626 2688 1694 2720 (RR.
1721 2688 1757 2712 Il.
1777 2688 1837 2716 SS..
1863 2688 1936 2719 XIII,
1956 2697 1982 2720 p.
2003 2687 2046 2719 50)
2065 2688 2092 2712 lo
2117 2688 2226 2712 chiama

389 2731 484 2761 tagsta,
504 2730 573 2754 dove
593 2729 622 2754 fu
641 2732 822 2761 grai-emente
841 2729 936 2755 ferito.

477 2770 487 2785 ⁸
507 2772 588 2803 Luigi
609 2772 619 2795 1
639 2774 720 2796 conte
739 2771 767 2795 di
788 2772 920 2796 Fiandra.

477 2813 487 2829 ⁹
507 2815 570 2838 Iean
591 2814 721 2845 Dauphin
742 2814 919 2845 d'Auvergne
939 2815 1189 2847 soprannominato
1209 2816 1283 2839 Dau-

391 2857 496 2888 phinet.

469 2897 488 2911 ¹¹¹
508 2898 528 2921 ll
549 2898 663 2927 villani,
683 2898 732 2922 che
751 2899 779 2921 in
801 2899 881 2922 molti
901 2898 982 2930 punti
1001 2900 1024 2922 si
1044 2899 1158 2922 acc-orda
1178 2906 1231 2922 con
1258 2899 1283 2922 la

393 2939 554 2963 narrazione
573 2939 613 2963 (lc-l
638 2939 793 2967 chronicon,
812 2939 835 2963 sl
855 2940 890 2964 da
910 2939 953 2963 far
967 2946 1081 2972 pensare
1100 2940 1152 2963 alla
1165 2940 1285 2971 possibi-

391 2980 442 3005 litia
462 2981 490 3003 di
515 2980 597 3010 fonti,
617 2988 644 3005 so
671 2988 726 3004 non
748 2981 897 3010 identiche,
917 2981 1061 3012 analoghe,
1081 2982 1104 3004 si
1123 2981 1242 3013 esprime
1269 2989 1284 3005 a

1335 2732 1430 2755 invece
1450 2732 1531 2754 conte
1550 2730 1704 2759 (l’Alzurro,
1725 2728 1786 2754 cioe
1804 2729 1868 2753 Iean
1888 2730 1913 2753 11
1932 2731 2013 2754 conte
2032 2729 2192 2754 d’Auxerre.

1412 2770 1433 2786 ¹2
1455 2771 1625 2796 Cancelliere
1651 2771 1680 2795 di
1699 2771 1816 2795 Francia
1842 2771 1870 2794 in
1890 2770 1952 2802 quel
1977 2772 2072 2802 tempo
2098 2777 2146 2795 era
2170 2769 2226 2794 Gu-

1335 2814 1448 2845 glielmo
1474 2814 1576 2842 Flotte,
1596 2813 1615 2836 il
1640 2813 1718 2843 quale
1744 2813 1811 2836 ebbe
1837 2813 1889 2837 due
1915 2811 1982 2844 fiin,
2001 2813 2096 2836 Pietro
2122 2813 2170 2836 che
2194 2812 2226 2838 fu

1336 2855 1515 2886 ammiraglio
1529 2855 1558 2878 di
1572 2854 1690 2877 Francia
1703 2861 1718 2877 e
1732 2853 1877 2878 Giovanni
1890 2855 1971 2878 abate
1985 2855 2011 2878 di
2026 2854 2080 2878 San
2096 2854 2226 2878 Medardo

1338 2899 1371 2922 de
1385 2898 1523 2921 Soissons.
1538 2897 1585 2922 Cf.
1598 2897 1890 2926 Ansume-Fomaeni',
1900 2897 1968 2921 ffi'st.
1986 2897 2090 2920 Ge‘ndal.
2105 2898 2130 2919 et
2147 2897 2226 2922 Chro-

1338 2939 1474 2970 nologe'que
1494 2940 1524 2962 de
1538 2938 1564 2961 la
1583 2938 1685 2961 fllalson
1698 2938 1796 2969 Royale
1815 2938 1845 2960 de
1858 2938 1957 2962 France
1975 2941 2033 2966 etc„
2046 2939 2135 2969 Paris,
2151 2945 2227 2970 1721,

1341 2981 1385 3011 VI,
1405 2989 1431 3013 p.
1453 2980 1511 3011 276.

2240 830 2279 861 10

2243 1134 2279 1165 15

2241 1400 2283 1430 20

2242 1702 2282 1735 25

2246 1969 2287 2000 30

2253 2484 2284 2510 ²5

2252 2693 2286 2720 30

2254 2903 2285 2930 35
