2360 3603
141 225 192 259 [A.
213 226 305 259 1349]
767 219 1078 255 CHRONICON
1107 218 1333 253 ESTENSE
1881 219 1950 253 165

139 354 225 381 teste
249 349 293 381 de
308 349 500 382 Malatestis
523 350 566 382 de
591 350 745 382 Arimino
770 350 951 391 acquisivit
974 349 1145 380 civitatem
1170 349 1271 380 Hexii
1286 348 1294 364 ¹
1320 359 1394 380 cum
1419 350 1566 391 quodam
1594 355 1740 380 tractatu
1765 349 1954 390 aliquorum

139 402 271 434 civium.
320 403 418 433 Tunc
443 403 599 434 dominus
630 404 740 434 Homo
765 403 889 434 Sancte
914 402 1023 434 Marie
1049 402 1205 433 dominus
1229 402 1321 433 dicte
1346 402 1505 439 civitatis,
1529 403 1595 433 hoc
1620 401 1767 432 sentiens
1795 411 1871 433 cum
1895 402 1952 432 sti-

137 455 324 496 pendiariis
346 455 414 486 suis
437 462 471 486 et
494 455 612 487 amicis
625 461 755 486 armata
771 467 872 486 manu
888 455 1013 486 bellum
1039 455 1280 486 commiserunt
1297 465 1372 486 cum
1397 455 1552 491 inimicis,
1578 454 1669 495 quod
1693 454 1775 485 satis
1801 454 1950 491 duravit;

137 514 252 539 tamen
276 508 433 539 dominus
455 508 638 540 Malatesta
661 518 737 539 cum
762 508 830 539 suis
853 514 1099 549 superaverunt
1124 507 1219 545 alios,
1243 513 1277 538 et
1301 507 1519 538 obtinuerunt
1543 507 1726 538 civitatem.

95 560 112 591 5
222 560 354 592 Eodem
379 560 568 600 millesimo,
586 570 692 592 xxnu
716 561 840 592 mensis
853 560 1009 601 januarii.
1038 560 1181 590 Illustris
1198 565 1231 591 et
1246 560 1446 602 magnificus
1469 559 1627 591 dominus
1650 559 1808 590 dominus
1826 559 1951 591 Luchi-

135 624 197 644 nus
220 613 425 645 Vicecomes
449 613 639 645 Mediolani
670 614 755 646 obiit
783 613 819 644 in
851 613 1062 649 Mediolano,
1087 619 1119 644 et
1149 612 1302 653 sepultus
1328 613 1372 644 ad
1397 613 1588 653 cappellam
1620 611 1737 643 suam²
1761 623 1837 643 cum
1860 613 1950 644 omni

137 665 276 697 decenti
298 667 428 697 honore
452 676 626 708 equorum,
650 666 889 698 banden'arum
914 673 979 697 etc.

224 719 357 751 Eodem
381 719 559 750 millesimo
583 726 616 750 et
639 719 672 749 in
696 719 760 750 hiis
783 719 914 756 diebus,
939 719 1058 750 civitas
1080 718 1239 750 Tridenti
1262 718 1429 750 rebellata
1446 724 1496 749 est
1512 729 1573 759 per
1590 718 1722 759 aliquos
1745 718 1838 750 cives
1855 719 1950 750 dicte

135 771 281 803 civitatis
304 773 348 804 ad
372 772 571 813 petitionem
594 772 802 803 marchionis
825 771 1070 814 Brandiburgi3
1095 777 1127 802 et
1151 770 1331 802 dicebatur
1353 771 1446 812 quod
1470 771 1598 803 dictum
1622 777 1803 802 tractatum
1829 781 1949 812 opera-

74 824 113 855 10
136 823 236 855 batur
259 830 410 866 tempore
434 825 563 857 domini
587 825 735 856 Luchini
760 823 837 855 etc.'

221 877 351 909 Eodem
368 877 559 915 millesimo,
584 877 640 909 die
664 878 747 908 X11t⁰
770 877 894 908 mensis
917 877 1094 908 februarii.
1132 876 1287 917 Aplicuit
1311 876 1500 908 Ferrariam
1525 876 1665 908 domina
1688 876 1856 908 Manbilia
1879 877 1946 908 filia

134 931 262 962 domini
286 930 436 973 Bersage
460 931 503 962 de
529 930 690 973 Porcigio
704 932 726 970 ³,
750 930 879 962 deinde
901 931 1057 972 ingressa
1079 935 1129 961 est
1152 930 1321 961 Mutinam
1338 930 1381 960 ad
1398 930 1553 960 maritum
1578 929 1687 960 nobili
1710 930 1781 961 viro
1800 929 1949 962 Girardo

134 984 305 1025 quondam
328 984 487 1026 Jacopini
513 984 556 1015 de
579 983 807 1025 Rangonibus
831 990 897 1015 etc.

220 1036 350 1068 Eodem
375 1036 565 1074 millesimo,
589 1036 645 1068 die
669 1037 762 1068 xxn⁰
778 1036 861 1067 dicti
879 1036 1012 1067 mensis.
1054 1035 1217 1066 Dominus
1240 1034 1455 1067 Anibaldus4
1478 1034 1665 1066 cardinalis
1682 1041 1716 1067 et
1733 1035 1864 1077 legatus
1888 1046 1949 1076 pro

73 1088 108 1120 15
132 1089 290 1121 Ecclesia
313 1099 453 1120 romana
477 1089 618 1130 aplicuit
641 1088 820 1127 Mutinam,
843 1100 942 1131 quem
967 1094 1001 1120 et
1024 1099 1102 1120 suos
1125 1088 1308 1120 honoravit
1331 1088 1487 1119 dominus
1510 1087 1663 1118 marchio
1687 1087 1796 1129 Obico
1820 1094 1885 1119 etc.

218 1142 349 1174 Eodem
373 1142 562 1182 millesimo,
586 1142 640 1174 die
663 1142 786 1173 xvnn⁰
808 1142 932 1173 mensis
947 1142 1084 1182 aprelis.
1128 1141 1238 1183 Obieo
1263 1147 1297 1172 et
1313 1140 1480 1177 Andreas,
1497 1140 1554 1171 filii
1570 1141 1826 1182 magnificorum
1841 1140 1949 1172 domi-

131 1206 251 1227 norum
274 1195 395 1236 Jacobi
418 1201 452 1226 et
466 1195 633 1237 Johannis
657 1196 699 1226 de
724 1194 875 1236 Pepulis‚
898 1200 1067 1227 venerunt
1091 1195 1295 1231 Ferrariam,
1318 1199 1352 1224 et
1375 1193 1520 1234 ingressi
1543 1198 1620 1224 sunt
1642 1192 1826 1230 Veronam,
1851 1199 1884 1224 et
1907 1195 1949 1224 de

132 1248 270 1279 civitate
294 1247 433 1279 Verone
457 1248 696 1279 conduxerunt
718 1248 911 1279 Ferrariam
928 1247 1099 1278 dominam
1124 1246 1309 1288 Ricardam
1334 1246 1437 1276 filiam
1461 1245 1633 1286 quondam
1658 1246 1784 1276 domini
1808 1246 1950 1288 Ricardi

130 1301 175 1332 de
199 1300 353 1337 Camino,
376 1305 409 1331 et
433 1306 570 1341 neptem
595 1300 723 1331 domini
747 1299 887 1331 Mastini
912 1300 955 1331 de
980 1300 1011 1330 la
1034 1299 1149 1336 Scala,
1171 1299 1207 1330 in
1231 1309 1373 1330 uxorem
1398 1297 1544 1339 predicti
1569 1297 1708 1328 Andree
1733 1297 1776 1328 de
1800 1297 1949 1339 Pepulis‚

67 1354 108 1385 20
131 1359 167 1385 et
189 1353 330 1394 aplicuit
353 1353 546 1385 Ferrariam
571 1353 625 1384 die
651 1353 756 1384 ΧΧΠΙ0
780 1353 865 1384 dicti
888 1353 1013 1384 mensis
1036 1353 1071 1383 in
1088 1352 1190 1383 domo
1207 1351 1336 1383 domini
1353 1351 1560 1382 marchionis
1583 1350 1749 1392 Obiconis
1773 1350 1866 1389 etc.,'
1890 1352 1947 1393 qui

131 1416 207 1437 cum
232 1406 323 1438 omni
347 1407 475 1438 honore
499 1405 633 1447 recepit
656 1416 730 1442 eos;
754 1406 821 1437 alio
845 1416 926 1437 vero
951 1405 1007 1437 die
1032 1404 1179 1448 ingressi
1202 1411 1280 1436 sunt
1303 1414 1420 1435 versus
1442 1404 1644 1435 Bononiam.

216 1459 350 1491 Eodem
380 1459 569 1496 millesimo,
593 1459 669 1490 XX1⁰
699 1460 822 1491 mensis
850 1459 976 1500 aprilis,
1023 1459 1121 1491 Obiit
1144 1459 1180 1490 in
1213 1459 1372 1489 Ferraria
1402 1457 1559 1489 dominus
1590 1457 1705 1489 Guido
1729 1457 1772 1488 de
1798 1457 1920 1500 Baysio
1937 1461 1948 1477 ⁵

130 1513 314 1554 episcopus
337 1513 365 1544 F
368 1513 504 1550 errarie,
528 1518 563 1544 et
585 1511 641 1543 die
665 1521 757 1544 xxm
780 1512 934 1553 sepultus
957 1518 1007 1544 est
1030 1512 1066 1543 in
1091 1512 1293 1553 episcopatu
1318 1512 1344 1543 F
1348 1511 1474 1542 errarie
1499 1516 1562 1542 etc.

215 1565 347 1597 Eodem
371 1565 558 1602 millesimo,
582 1565 636 1597 die
660 1565 765 1602 dicta,
789 1565 960 1596 desiccate
983 1570 1061 1596 sunt
1083 1564 1183 1596 vinee
1207 1571 1349 1606 propter
1371 1564 1491 1606 frigus.

66 1619 106 1650 25
217 1618 350 1650 Eodem
373 1618 566 1655 millesimo,
590 1619 644 1650 die
670 1618 792 1649 XX1111⁰
815 1618 950 1660 aprelis,
975 1618 1011 1649 in
1034 1617 1091 1649 die
1115 1618 1225 1649 sancti
1250 1617 1403 1660 Georgii,
1427 1617 1491 1648 fuit
1513 1616 1605 1659 ignis
1621 1616 1786 1648 maximus
1809 1617 1843 1647 in
1867 1616 1950 1647 Fer—

128 1671 219 1702 raria
240 1671 276 1702 in
301 1677 456 1703 contrata
479 1671 746 1703 Bucecanalium
771 1677 804 1702 et
828 1672 860 1702 in
886 1671 1000 1713 Burgo
1025 1671 1171 1702 Riccho.

233 1723 363 1755 Eodem
380 1724 571 1762 millesimo,
595 1719 652 1755 die
669 1723 726 1755 111⁰
748 1724 872 1755 mensis
887 1724 1001 1756 madii.
1047 1724 1212 1755 Dominus
1230 1723 1520 1759 Aldrovandinus,
1544 1722 1630 1754 filius
1654 1722 1818 1754 naturalis
1841 1732 1948 1765 quon-

129 1778 207 1808 dam
230 1777 403 1819 magnifici
420 1777 548 1808 domini
566 1776 694 1808 domini
711 1776 886 1819 Raynaldi
901 1777 1109 1809 marchionis
1127 1777 1280 1813 estensis,
1299 1782 1520 1808 consecratus
1536 1781 1586 1807 est
1602 1775 1785 1816 episcopus
1800 1775 1948 1806 Adrien-

128 1830 174 1861 sis
197 1831 233 1861 in
257 1836 347 1861 terra
370 1830 511 1872 Rodigii
527 1839 590 1871 per
606 1830 782 1862 dominum
798 1829 997 1872 episcopum
1019 1830 1326 1873 Thyberiadensis‚
1349 1829 1549 1871 episcopum
1573 1827 1698 1859 Cervie
1712 1827 1734 1866 ⁶,
1757 1834 1792 1860 et
1814 1828 1949 1869 episco-

65 1884 107 1914 30
130 1894 209 1925 pum
225 1907 250 1915 ..
266 1905 296 1914 ..
321 1890 354 1914 et
379 1883 462 1914 alios
485 1883 643 1915 abbates:
668 1890 810 1925 propter
834 1884 926 1926 quod
950 1883 1162 1915 honorabilis
1186 1883 1282 1915 curia
1305 1883 1398 1914 facta
1421 1888 1472 1913 est
1495 1881 1551 1913 ibi.

216 1936 347 1968 Eodem
370 1937 561 1974 millesimo,
585 1937 642 1968 die
668 1937 790 1968 xvn11⁰
820 1937 934 1968 madii.
980 1936 1147 1968 Dominus
1177 1936 1330 1967 marchio
1362 1935 1473 1977 Obieo
1505 1935 1648 1966 estensis
1676 1940 1740 1966 etc.
1766 1934 1851 1965 fecit
1876 1934 1947 1964 fieri

129 1995 273 2020 mostras
295 2000 430 2020 suarum
455 1989 708 2027 bzmderiarum,
732 1990 804 2021 sine
828 1990 928 2021 armis
952 1989 994 2020 de
1011 2000 1118 2026 mane,
1135 1999 1250 2020 coram
1268 1988 1529 2019 Aldrovandino
1546 1987 1621 2018 filio
1639 1987 1722 2018 dicti
1739 1987 1948 2018 marchionis

130 2049 164 2074 et
180 2042 319 2073 domino
335 2041 513 2073 Dondacio
531 2043 573 2073 de
591 2042 769 2075 Placentia
785 2048 952 2085 potestate
969 2043 996 2073 F
1000 2043 1126 2073 errarie
1142 2052 1204 2083 pro
1222 2041 1315 2073 dicto
1332 2040 1468 2072 domino
1485 2040 1683 2071 marchione
1707 2046 1772 2071 etc.
1804 2039 1948 2081 Sumpto

131 2094 286 2136 prandio,
311 2095 467 2126 dominus
484 2094 641 2127 Marchio
659 2096 863 2138 congregari
879 2095 963 2127 fecit
980 2095 1209 2127 conestabiles
1225 2094 1456 2136 predictarum
1473 2092 1713 2124 banderiarum
1729 2102 1830 2133 super
1843 2092 1950 2123 salam

67 2146 107 2178 35
134 2158 255 2179 novam
280 2148 408 2179 domini
431 2147 652 2186 marchionis,
676 2148 734 2179 ubi
758 2148 871 2180 dictus
886 2151 893 2163 '
919 2148 1077 2180 dominus
1106 2147 1305 2179 Dondacius
1331 2152 1492 2188 potestas,
1516 2145 1674 2177 dominus
1699 2145 1882 2176 Gabriotus
1905 2146 1947 2176 de

130 2200 292 2238 canossa,
317 2201 474 2232 dominus
505 2201 708 2233 Bonefatius
732 2202 775 2233 de
800 2202 1010 2243 Savignano,
1035 2202 1192 2232 dominus
1216 2201 1402 2232 Niccolaus
1425 2200 1468 2230 de
1493 2197 1666 2235 Robertis,
1691 2204 1725 2229 et
1749 2208 1866 2229 omnes
1891 2197 1948 2228 alii

130 2254 326 2285 iuraverunt
348 2254 410 2285 sub
434 2254 569 2286 domino
594 2254 852 2286 Aldrovandino
877 2254 1051 2285 antedicto
1076 2254 1259 2294 capitaneo
1286 2252 1437 2294 generali
1461 2258 1525 2283 etc.

216 2306 349 2338 Eodem
373 2307 560 2344 millesimo,
586 2307 642 2339 die
667 2307 704 2338 v⁰
727 2308 849 2338 mensis
864 2307 958 2350 junii.
1006 2307 1171 2337 Dominus
1194 2306 1392 2337 Ludovicus
1415 2305 1578 2346 princeps
1594 2304 1774 2346 Tarantry,
1792 2304 1948 2335 dominus

132 2361 312 2402 Neapolim
337 2366 416 2397 etc.,
439 2360 566 2392 direxit
588 2361 778 2392 exercitum
801 2371 897 2391 suum
921 2360 1126 2402 equestrium
1151 2366 1184 2390 et
1206 2359 1358 2400 peditum
1383 2368 1499 2390 versus
1523 2358 1695 2389 civitatem
1712 2357 1879 2395 Adverse,
1903 2358 1947 2388 ad

220 2478 273 2502 2-3.
294 2471 508 2502 stinpendiariis
527 2472 551 2494 A
571 2485 604 2488 —-
624 2480 646 2502 4.
667 2470 771 2504 tamen]
790 2472 870 2495 Tunc
889 2472 967 2495 McR.
983 2485 1013 2488 —
1029 2479 1052 2503 5.
1065 2473 1110 2494 uel
1122 2471 1245 2502 ntargw'ne
1264 2471 1293 2493 di
1305 2471 1338 2499 A,
1352 2471 1381 2493 di
1398 2470 1486 2499 prima
1506 2477 1594 2492 mano:
1608 2476 1681 2491 mors
1695 2468 1802 2492 domini
1825 2467 1945 2491 Luchini

133 2527 165 2530 —
185 2513 208 2536 8.
229 2514 272 2536 his
292 2513 370 2537 MUR.
390 2526 399 2530 -
419 2514 548 2537 Tridenti
568 2517 649 2543 sopra
668 2513 766 2537 Trenti
787 2516 897 2538 cancell.
916 2522 961 2538 con
980 2522 1012 2536 un
1033 2514 1094 2544 rigo
1113 2514 1139 2537 in
1159 2514 1183 2536 A
1202 2526 1233 2529 —
1250 2520 1288 2544 19.
1310 2513 1401 2543 neptis
1416 2512 1439 2534 A
1452 2512 1477 2534 Β
1490 2526 1520 2528 -
1535 2517 1576 2534 22.
1595 2510 1699 2534 Eodem
1714 2509 1876 2542 millesimo]
1894 2510 1946 2533 Die

135 2556 211 2579 MUR.
231 2567 263 2572 -
285 2562 324 2586 24.
344 2555 448 2579 Eodem
468 2554 632 2587 millesimo]
651 2555 704 2579 Die
723 2555 800 2580 Mun.
821 2569 851 2573 -
872 2563 914 2587 30.
934 2557 957 2579 A
971 2557 995 2579 Β
1014 2564 1060 2579 non
1080 2557 1162 2579 hanno
1182 2557 1277 2579 lacuna
1297 2567 1328 2571 —
1349 2560 1390 2584 32.
1411 2555 1551 2576 monstras
1570 2552 1647 2576 Mun.
1667 2566 1674 2569 -
1695 2553 1760 2582 dopo
1779 2559 1859 2575 mane
1878 2553 1903 2575 in
1923 2553 1946 2575 A

132 2606 213 2628 segue
232 2599 343 2629 sumpto
363 2597 483 2629 prandio
503 2599 611 2621 cancell.
631 2606 675 2621 con
695 2606 726 2620 un
749 2598 808 2629 rigo
829 2610 860 2614 —
880 2605 923 2629 33.
943 2599 1077 2629 potestati
1098 2598 1159 2621 AB
1177 2610 1208 2614 —
1230 2596 1270 2628 38.
1291 2595 1406 2619 Taranti
1427 2603 1495 2619 corr.
1515 2595 1592 2619 MUR.

89 2701 101 2726 5
217 2693 226 2710 ²
245 2693 297 2718 Iesi
318 2701 334 2718 a
354 2693 386 2717 :S
404 2694 455 2720 kil.
475 2694 510 2718 da
533 2695 662 2718 Ancona.
1152 2693 1162 2708 ⁴
1182 2694 1350 2717 Annibaldo
1369 2693 1403 2716 da
1424 2692 1559 2719 Ceccano,
1579 2699 1700 2715 vescovo
1725 2691 1894 2715 Tuscolano.

217 2734 227 2751 ²
247 2735 318 2760 Cice
339 2738 366 2759 in
387 2736 413 2759 S.
439 2735 588 2766 Gottardo,
616 2736 739 2759 secondo
765 2737 784 2759 il
811 2736 907 2763 Corio,
936 2736 1012 2760 nella
1153 2735 1163 2750 5
1184 2734 1280 2759 Guido
1300 2735 1333 2758 da
1354 2735 1436 2758 Baiso
1456 2741 1576 2758 vescovo
1596 2735 1622 2757 di
1641 2734 1945 2764 Reggio(1312-1379),

2031 890 2050 903 ε,
2066 890 2103 907 125
2117 890 2130 903 v

2001 1358 2075 1381 Mun„
2090 1363 2128 1381 453

2035 2161 2054 2175 c.
2070 2158 2105 2175 '1¹⁶
2117 2162 2127 2174 γ

130 2778 222 2801 chiesa
243 2778 269 2801 di
291 2778 480 2810 Crescenzago
501 2778 622 2801 secondo
642 2778 778 2802 l’Azario.
815 2778 860 2802 Cf.
885 2778 918 2802 G.
944 2777 1014 2802 Giu-
1066 2785 1080 2801 e
1101 2777 1184 2801 infine
1204 2778 1232 2801 di
1253 2777 1377 2801 Ferrara.
1416 2777 1448 2800 G.
1468 2777 1603 2806 Saccmu,
1621 2776 1829 2799 Cronotassidei
1842 2776 1948 2799 vescovi
1977 2783 2004 2807 15

131 2825 203 2847 mm,
223 2823 263 2849 op.
283 2820 336 2849 cit„
356 2820 388 2847 V,
408 2827 434 2850 p.
452 2819 513 2850 316.
1066 2820 1096 2842 di
1115 2820 1234 2850 Reggio,
1255 2826 1300 2849 pp.
1322 2817 1409 2848 7678,
1430 2818 1546 2849 Reggffi,
1568 2817 1644 2847 1898.

218 2859 228 2875 ³
248 2861 350 2884 Porcia
368 2859 432 2893 (di),
459 2862 552 2884 antica
571 2868 585 2884 e
608 2861 705 2884 nobile
732 2861 862 2892 samiglia
890 2861 1013 2884 friulana
1153 2859 1164 2875 ⁶
1183 2861 1336 2884 Francesco
1358 2867 1479 2884 vescovo
1499 2861 1526 2883 di
1547 2860 1696 2883 Tiberiade
1717 2861 1745 2882 in
1766 2858 1907 2882 Palestina
1932 2866 1946 2882 e

74 2907 104 2924 ιο
132 2903 180 2926 che
199 2905 283 2927 tenne
303 2904 323 2926 il
342 2905 475 2934 cospicuo
494 2903 587 2927 ufficio
607 2903 635 2926 di
664 2904 796 2928 avt-ocati
821 2904 895 2927 della
921 2904 1013 2927 chiesa
1066 2902 1224 2933 Guadagno
1244 2902 1278 2926 da
1293 2902 1401 2925 Maiolo
1415 2901 1448 2925 O.
1461 2901 1499 2925 Μ.
1513 2908 1634 2925 vescovo
1649 2902 1676 2924 di
1692 2900 1803 2924 Cervia.
1842 2900 1945 2928 EUBEL,

131 2944 159 2968 di
180 2943 343 2968 Concordia
357 2952 370 2968 e
384 2945 412 2968 di
427 2944 547 2968 Ceneda.
574 2946 761 2975 Encs'clnpediu
774 2945 1012 2969 storico-nobiliare
1065 2949 1106 2974 op.
1125 2945 1178 2973 cit„
1198 2951 1242 2975 pp.
1265 2950 1311 2974 511
1333 2952 1346 2967 e
1369 2950 1426 2975 190.

136 2986 263 3014 ItaHana,
283 2986 340 3009 vol.
360 2985 393 3016 V,
413 2993 438 3016 p.
458 2991 517 3016 457,
538 2985 647 3009 Milano
670 2992 745 3017 1932.
