2360 3603
51 576 68 607 5

33 840 69 871 10

32 1102 67 1134 15

28 1368 69 1398 20

31 1627 70 1660 25

29 1893 71 1924 30

33 2422 73 2452 40

95 241 145 275 [A.
168 241 260 274 1345]
752 232 1059 268 CHRONICON
1087 231 1314 267 ESTENSE
1845 232 1913 267 129

179 366 311 398 Eodem
335 365 524 402 millesimo,
550 365 606 396 die
625 374 715 395 xx111
731 365 815 407 julii.
841 365 1003 395 Dominus
1020 364 1221 395 Franciscus
1236 363 1397 400 marchio,
1423 374 1528 406 nepos
1543 364 1680 396 illustris
1696 369 1729 395 et
1746 364 1917 406 magnifici

92 423 126 450 et
149 418 277 450 domini
302 417 429 448 domini
453 417 660 448 marchionis
684 416 847 457 Obiconis
863 422 926 447 etc.
946 427 1021 446 cum
1046 421 1116 447 toto
1141 416 1293 447 exercitu
1316 415 1459 446 militum
1477 422 1510 447 et
1533 417 1683 457 peditum
1707 421 1918 447 recesserunt

92 471 135 503 de
158 470 289 507 Parma,
314 475 348 501 et
370 470 504 500 iverunt
528 479 645 500 versus
669 469 798 500 dictum
823 475 968 500 castrum
995 469 1133 505 Noxeffi,
1158 468 1248 510 quod
1265 469 1462 500 obtinebant
1477 475 1597 511 gentes
1614 469 1741 500 domini
1757 468 1917 506 Luchini,

91 533 193 555 causa
216 522 423 554 comictendi
448 522 572 554 bellum
590 522 634 553 ad
650 521 808 552 invicem.
855 522 953 552 Tunc
974 528 1092 563 gentes
1117 521 1243 552 domini
1267 521 1413 552 Luchini
1437 528 1649 554 recesserunt
1665 521 1707 553 de
1731 521 1823 553 dicto
1839 522 1917 553 loco

94 576 179 607 dicti
211 576 323 613 castri,
348 580 382 606 et
412 575 546 606 iverunt
578 575 620 606 ad
651 574 774 605 flumen
805 575 899 611 Tari,
931 575 1039 615 ipsum
1071 574 1285 612 transierunt,
1316 580 1573 616 poxueruntque
1606 575 1791 606 exercitum
1823 585 1917 605 suum

92 629 184 660 iuxta
201 634 316 669 pratos
332 627 488 659 Colleclii
512 628 603 668 apud
627 628 811 660 exercitum
830 627 957 659 domini
974 627 1149 659 Francisci
1166 627 1381 664 marchionis,
1398 633 1432 658 et
1448 627 1545 659 ambe
1563 633 1675 669 partes
1689 627 1735 658 ibi
1752 633 1915 659 steterunt

93 681 245 723 pluribus
269 680 389 712 diebus
404 679 424 711 ¹.

179 734 308 765 Eodem
325 733 514 771 millesimo,
531 733 586 764 die
604 742 707 763 xxun
724 733 847 763 mensis
863 733 946 775 julii.
972 733 1051 764 Fuit
1068 733 1154 775 ignis
1170 733 1334 764 maximus
1350 732 1385 763 in
1402 733 1604 764 monasterio
1622 739 1737 765 sancte
1755 733 1919 765 Katerine

94 786 136 818 de
161 786 328 824 Ferraria,
352 786 394 817 de
418 795 505 822 sero,
530 785 563 815 in
588 795 654 826 quo
678 786 881 816 monasterio
906 785 1125 826 dapnificavit
1148 785 1297 816 multum.

180 838 311 870 Eodem
325 837 503 869 millesimo
521 847 667 876 CCCXLV,
685 838 740 869 die
759 847 845 868 xxm
862 838 985 869 mensis
1000 838 1084 880 julii.
1108 837 1193 869 Cum
1210 838 1364 869 dominus
1381 838 1580 869 Franciscus
1596 839 1747 870 marchio
1765 839 1915 875 estensis,

91 902 196 933 nepos
220 891 346 932 prefati
370 890 576 922 marchionis
600 890 764 932 Obiconis
788 896 865 928 etc.‚
890 890 1048 921 existeret
1071 900 1146 921 cum
1171 896 1243 922 toto
1260 891 1412 922 exercitu
1436 897 1531 922 extra
1551 891 1705 923 Parmam
1722 892 1844 928 locum,
1862 892 1918 933 qui

92 944 216 977 dicitur
241 950 331 975 terra
347 943 465 975 Sancti
481 943 639 974 Micaelis
651 942 674 980 ²,
692 943 782 984 apud
800 943 985 974 exercitum
1003 943 1153 985 gentium
1170 942 1299 974 domini
1315 944 1459 974 Luchini
1477 944 1706 982 vicecomitis,
1725 946 1919 986 capitaneus

92 997 172 1029 dicti
199 997 370 1027 exercitus
393 995 575 1027 destinavit
602 995 739 1027 domino
764 996 948 1027 Francisco
973 996 1157 1027 cirotecum
1181 995 1272 1033 beili,
1297 1007 1397 1038 quem
1422 997 1576 1028 dominus
1600 997 1800 1029 Franciscus
1824 1007 1920 1028 rece-

92 1049 142 1091 pit
165 1049 323 1086 libenter,
348 1054 382 1080 et
404 1048 572 1080 ordinavit
597 1048 749 1089 quelibet
772 1059 851 1089 pars
874 1048 966 1079 acies
990 1059 1081 1085 suas;
1107 1054 1141 1080 et
1164 1049 1230 1079 iam
1254 1049 1390 1080 miserat
1414 1055 1511 1081 extra
1526 1055 1634 1080 rostas
1650 1050 1735 1081 duas
1751 1050 1843 1081 acies
1859 1060 1915 1081 ca-

92 1103 248 1144 pitaneus
272 1101 402 1133 domini
425 1101 573 1132 Luchini
598 1106 796 1142 preparatas
813 1101 857 1132 ad
873 1101 999 1132 bellum
1016 1101 1109 1142 apud
1133 1101 1302 1142 quandam
1319 1102 1440 1143 pirum,
1456 1101 1513 1133 ubi
1530 1108 1625 1134 erant
1642 1103 1800 1134 confines.
1846 1102 1915 1134 Do-

92 1156 200 1186 minus
224 1154 426 1186 Franciscus
449 1153 666 1185 ordinaverat
689 1153 790 1185 etiam
815 1153 908 1185 acies
931 1163 1008 1184 suas
1031 1160 1146 1184 caute:
1173 1155 1265 1195 quod
1282 1154 1400 1185 videns
1418 1155 1612 1196 capitaneus
1628 1155 1755 1186 domini
1772 1155 1918 1187 Luchini

90 1208 212 1245 timuit,
236 1207 445 1249 recessitque
469 1206 550 1237 inde
575 1217 651 1237 cum
675 1206 744 1237 suis
755 1205 772 1243 ;'
796 1212 830 1237 et
853 1207 1027 1238 redierunt
1056 1207 1098 1237 ad
1133 1217 1248 1238 eorum
1281 1207 1470 1244 fortilicias,
1501 1208 1656 1239 nolentes
1686 1208 1812 1239 bellum
1844 1219 1920 1240 cum

93 1261 176 1292 aliis.
222 1260 387 1291 Dominus
410 1259 614 1290 Franciscus
638 1258 810 1300 predictus
841 1265 874 1290 et
905 1260 1095 1302 Frignanus
1127 1260 1168 1291 de
1194 1260 1227 1290 la
1251 1259 1362 1297 Scala,
1387 1259 1474 1290 filius
1504 1260 1631 1291 domini
1662 1261 1809 1298 Mastini,
1842 1272 1918 1292 cum

93 1314 168 1345 aliis
199 1312 415 1354 caporalibus
441 1317 660 1354 expectantes
684 1311 850 1351 inimicos,
875 1318 945 1344 tota
968 1313 1024 1344 die
1047 1318 1213 1343 steterunt
1243 1313 1352 1354 parati
1383 1313 1418 1343 in
1451 1322 1582 1354 campo,
1614 1319 1648 1344 et
1671 1314 1921 1346 decoraverunt

93 1365 210 1397 militia
234 1366 364 1403 multos,
388 1365 552 1397 videlicet
579 1365 751 1397 dominum
776 1365 981 1407 Frignanum
1006 1366 1134 1397 domini
1158 1365 1305 1402 Masfiui,
1329 1371 1363 1397 et
1386 1366 1510 1397 multos
1534 1366 1615 1397 alios
1641 1367 1682 1398 de
1707 1368 1783 1406 suis,
1809 1367 1918 1399 domi-

91 1430 168 1451 num
188 1418 385 1450 Carloctum
409 1417 451 1450 de
467 1418 652 1455 Placentia,
670 1418 842 1449 dominum
859 1418 1109 1450 Bertolomeum
1126 1418 1345 1460 Meca-scala,
1370 1418 1543 1449 dominum
1566 1419 1775 1450 Bonifatium
1797 1420 1839 1451 de
1858 1420 1919 1451 Sa-

92 1472 239 1512 vignano
252 1470 274 1509 ³,
298 1470 473 1502 dominum
499 1470 719 1502 Gabrioctum
745 1470 786 1502 de
811 1471 973 1507 Canossa‚
991 1471 1162 1502 dominnm
1182 1471 1345 1501 Guelfum
1363 1472 1406 1502 de
1423 1471 1640 1503 Ghirardinis
1656 1473 1698 1503 de
1716 1472 1887 1504 Florentia
1900 1473 1922 1509 ⁴,

93 1530 128 1556 et
150 1524 272 1554 multos
296 1523 393 1559 alios3
413 1529 446 1554 et
468 1533 530 1564 per
554 1529 656 1554 totam
681 1523 771 1554 diem
795 1524 904 1565 parati
929 1534 1030 1565 super
1062 1534 1219 1565 campum
1244 1529 1410 1555 steterunt
1432 1523 1664 1556 desiderantes
1687 1525 1812 1556 bellum
1845 1535 1921 1556 cum

93 1575 248 1612 inimicis,
274 1575 365 1617 quod
395 1585 463 1606 non
488 1575 624 1607 accidit.
671 1576 771 1606 Tunc
788 1575 946 1607 dominus
964 1576 1166 1607 Franciscus
1182 1576 1285 1607 incidi
1303 1576 1386 1607 fecit
1403 1576 1580 1618 quamdam
1598 1576 1706 1618 pirum
1725 1578 1923 1608 existentem

94 1629 129 1659 in
160 1629 274 1660 medio
307 1629 501 1665 confinium,
533 1634 569 1659 ut
593 1628 659 1659 alia
682 1639 759 1670 pars
783 1629 968 1660 accederet
991 1630 1035 1660 ad
1059 1628 1201 1665 bellum;
1227 1635 1260 1660 et
1284 1629 1391 1660 nichil
1415 1629 1581 1660 fecerunt.
1628 1629 1697 1661 Sed
1721 1630 1815 1671 quasi
1838 1630 1921 1661 hora

93 1682 206 1713 medie
238 1682 350 1713 noctis
380 1687 498 1723 gentes
522 1681 650 1713 domini
674 1681 819 1713 Luchini
844 1682 972 1713 furtive
995 1688 1205 1713 recesserunt
1236 1682 1279 1713 de
1311 1692 1443 1723 campo,
1476 1688 1509 1713 et
1539 1683 1673 1714 iverunt
1703 1684 1746 1714 ad
1777 1683 1919 1714 Pontem

93 1734 212 1777 Thary
225 1734 247 1773 ⁵,
271 1740 306 1766 et
328 1733 374 1765 ibi
398 1734 617 1765 firmaverunt
641 1744 809 1775 campum.
843 1733 921 1771 Que
946 1735 1059 1766 omnia
1082 1735 1192 1767 sciens
1208 1735 1363 1766 dominus
1380 1736 1582 1767 Franciscus
1598 1736 1691 1777 quasi
1709 1736 1853 1767 effectus
1870 1742 1921 1767 est

94 1787 311 1829 desperatus3
330 1793 363 1819 et
386 1793 651 1830 segregaverunt
675 1798 791 1819 omnes
815 1787 857 1824 de
883 1797 1014 1830 campo,
1039 1794 1073 1819 et
1095 1788 1229 1819 iverunt
1252 1798 1358 1829 usque
1382 1798 1537 1830 campum
1553 1789 1778 1825 inimicorum,
1802 1788 1922 1820 videli-

95 1846 149 1872 cet
172 1839 220 1871 ibi
244 1850 351 1882 prope
377 1841 419 1872 ad
451 1840 573 1879 locum,
606 1841 664 1882 qui
688 1840 812 1872 dicitur
844 1841 1009 1879 Victoria,
1041 1841 1097 1872 ubi
1122 1841 1187 1872 iam
1212 1841 1323 1872 fuerat
1355 1852 1492 1883 campus
1523 1842 1734 1883 imperatoris
1762 1841 1921 1874 Federici

95 1893 187 1924 circa
211 1893 383 1924 civitatem
407 1893 527 1925 Parme
542 1896 569 1929 ὃς
595 1893 709 1935 ibique
733 1894 916 1925 existentes
939 1904 1045 1936 usque
1063 1894 1152 1926 diem
1169 1894 1321 1925 ultimum
1335 1894 1422 1936 julii.
1469 1894 1512 1925 Et
1536 1894 1653 1926 eodem
1678 1895 1733 1926 die
1756 1894 1923 1926 exercitus

93 1945 222 1977 domini
238 1946 384 1978 Luchini
400 1952 614 1978 recesserunt
630 1947 672 1978 de
697 1946 790 1978 dicto
814 1947 903 1985 loco,
929 1953 961 1978 et
984 1947 1119 1978 iverunt
1142 1957 1260 1979 versus
1284 1953 1396 1988 partes
1414 1945 1576 1985 Colornii,
1593 1953 1625 1978 et
1641 1947 1688 1978 ibi
1705 1947 1924 1978 firmaverunt

96 2009 262 2041 campum.
308 1999 473 2031 Dominus
490 2000 692 2031 Franciscus
713 2011 789 2032 cum
812 2000 879 2031 suis
902 2000 1011 2032 secuti
1034 2006 1110 2031 sunt
1133 2010 1191 2032 eos
1214 2010 1319 2042 usque
1345 2006 1491 2031 castrum
1508 2000 1616 2031 sancti
1634 1999 1799 2042 Quffiqui,
1821 2006 1854 2031 et
1877 2000 1923 2031 ibi

96 2057 259 2093 utraeque
285 2058 399 2094 partes
422 2058 597 2084 steterunt.

184 2105 313 2137 Eodem
345 2105 535 2143 millesimo,
560 2116 625 2137 vm
650 2106 795 2148 augusti,
821 2106 912 2138 circa
935 2117 1104 2148 vesperas.
1151 2107 1313 2138 Dominus
1344 2106 1428 2148 Sing
1460 2106 1676 2138 conestabilis
1708 2106 1922 2138 theotonicus

97 2157 226 2189 domini
250 2159 456 2190 marchionis
480 2158 642 2201 Obiconis
667 2170 743 2191 cum
767 2169 814 2189 Lx
838 2159 880 2190 de
903 2160 971 2190 suis
994 2159 1128 2190 iverunt
1152 2170 1267 2190 versus
1292 2169 1447 2200 campum
1474 2159 1697 2196 inimicorum,
1726 2159 1753 2190 si
1785 2164 1922 2200 possent

96 2210 226 2252 aliquid
249 2211 384 2242 lucrari.
429 2211 529 2243 Tunc
554 2212 755 2243 invenerunt
779 2211 871 2244 circa
894 2222 958 2243 ccc
982 2211 1140 2244 barbutas
1158 2212 1342 2243 absconsas
1359 2212 1402 2243 de
1426 2211 1580 2253 gentibus
1603 2212 1828 2250 inimicorum,
1846 2222 1922 2243 cum

97 2263 219 2305 quibus
242 2264 375 2305 preliati
400 2270 476 2295 sunt
503 2264 662 2301 viriliter3
694 2270 808 2296 tamen
841 2265 993 2296 dominus
1025 2265 1111 2306 Sing
1141 2275 1207 2295 non
1239 2265 1354 2295 valens
1385 2264 1584 2302 substinere,
1616 2264 1751 2296 reduxit
1780 2275 1815 2296 se
1847 2275 1922 2296 cum

97 2317 164 2347 suis
191 2327 293 2358 super
317 2317 496 2358 quemdam
514 2327 658 2358 passum,
683 2323 716 2348 et
739 2317 992 2349 descenderunt
1023 2318 1066 2348 de
1089 2318 1195 2359 equis,
1220 2323 1253 2348 et
1268 2317 1412 2349 viriliter
1435 2328 1470 2349 se
1496 2318 1737 2349 defenderunt.
1784 2317 1922 2349 Interim

97 2369 258 2401 miserunt
281 2369 419 2401 domino
443 2370 640 2407 Francisco,
666 2371 757 2412 quod
781 2371 829 2402 eis
853 2376 1063 2407 succureret;
1093 2370 1150 2411 qui
1182 2371 1230 2401 eis
1262 2370 1445 2401 destinavit
1477 2380 1517 2402 cc
1549 2370 1684 2408 milites,
1717 2376 1750 2402 et
1780 2370 1921 2401 viriliter

97 2421 222 2453 bellum
246 2422 489 2453 commiserunt
514 2433 589 2454 cum
612 2422 756 2454 inimicis
779 2423 851 2454 sine
874 2433 982 2459 mora;
1007 2429 1040 2454 et
1063 2433 1142 2464 pars
1173 2422 1298 2453 domini
1324 2421 1536 2454 Marchionis
1559 2423 1731 2463 superavit
1761 2423 1856 2460 alios,
1889 2428 1924 2454 et

98 2474 188 2515 capti
212 2481 289 2505 sunt
312 2485 355 2506 ex
379 2476 428 2506 eis
452 2484 509 2513 Lx,
534 2485 676 2517 quorum
700 2476 837 2507 fuerunt
859 2485 911 2506 Χ11
935 2475 1070 2512 milites,
1094 2485 1178 2516 quos
1201 2481 1234 2506 et
1257 2475 1342 2506 alios
1358 2481 1476 2516 captos
1500 2475 1737 2506 conduxerunt
1761 2475 1804 2506 ad
1828 2485 1925 2506 exer-

190 2609 213 2626 2.
233 2605 259 2626 et
278 2602 397 2634 domini]
417 2603 525 2627 domini
541 2604 617 2628 Mun.
633 2617 665 2621 —
679 2603 702 2627 6.
718 2604 799 2627 ambo
819 2605 842 2627 A
855 2604 878 2626 B
898 2617 929 2620 ——
952 2611 990 2628 12.
1009 2604 1133 2636 gentium
1153 2611 1243 2626 manca
1261 2604 1374 2627 BMUR.
1395 2617 1425 2620 —
1449 2608 1487 2634 17.
1510 2604 1634 2627 volentes
1653 2604 1676 2627 Α
1698 2616 1728 2619 -—
1749 2610 1789 2627 20.
1810 2602 1923 2634 multos]

105 2645 193 2669 multa
213 2645 271 2668 AB
291 2658 322 2661 —
344 2651 384 2677 33.
404 2646 520 2677 utraque
540 2646 599 2669 AB
620 2658 649 2662 -—
670 2644 709 2675 36.
729 2645 860 2669 barbutos
881 2646 1030 2669 absconsos
1049 2645 1126 2669 MUR.
1147 2658 1178 2662 —-
1199 2651 1239 2675 37.
1260 2645 1367 2668 reducit
1387 2645 1499 2669 BMun.

189 2740 195 2755 ¹
216 2742 268 2765 Per
287 2742 379 2772 questi
397 2741 464 2766 fatti
484 2750 498 2766 e
517 2743 526 2766 i
545 2743 681 2774 seguentI,
701 2741 738 2767 cf.
752 2740 842 2772 Απεὸ,
856 2742 944 2765 Storia
959 2743 989 2764 di
1041 2742 1070 2766 in
1090 2741 1209 2766 Modena
1231 2741 1318 2772 (doec.
1338 2740 1353 2763 8
1372 2742 1493 2772 germaio
1522 2747 1588 2772 1340
1607 2749 1621 2764 e
1644 2748 1675 2765 10
1693 2741 1783 2773 luglio
1807 2748 1870 2773 1342
1894 2742 1921 2766 in
1955 2748 1987 2765 10

99 2783 208 2810 Parma,
227 2782 275 2812 IV,
295 2788 351 2815 332.
1039 2783 1116 2807 Mem.
1136 2786 1199 2810 not.,
1219 2790 1243 2807 a.
1265 2789 1340 2814 1340,
1361 2783 1396 2811 ΙΙ,
1418 2781 1483 2813 1038
1503 2790 1516 2806 e
1536 2790 1561 2807 a.
1583 2788 1658 2813 1342,
1677 2783 1711 2812 11,
1731 2782 1800 2814 617).

188 2823 198 2838 ²
218 2825 270 2848 Nel
292 2831 410 2847 comune
430 2825 459 2848 di
478 2825 586 2849 Felino.
1127 2823 1136 2836 ⁵
1156 2825 1246 2848 Ponte
1265 2824 1305 2847 sul
1325 2823 1398 2847 Taro
1418 2831 1434 2847 a
1456 2830 1487 2847 10
1506 2825 1557 2848 kil.
1575 2825 1609 2848 da
1629 2824 1738 2848 Parma.

189 2864 199 2879 3
222 2864 340 2890 Podesta
361 2866 388 2889 di
409 2867 524 2890 Firenze
543 2868 587 2891 nel
604 2873 670 2897 135⁰
685 2867 722 2897 (S.
738 2867 917 2896 AamxmATQ
932 2867 987 2889 Sto·
1126 2865 1137 2881 ὅ
1157 2866 1201 2890 Cf.
1219 2874 1250 2890 su
1265 2867 1399 2895 vittoria‚
1413 2867 1446 2890 R.
1465 2873 1495 2890 m
1509 2867 1656 2892 Somoxix.
1674 2866 1711 2890 Lu
1730 2867 1823 2890 rivolta
1837 2875 1849 2890 e
1863 2867 1927 2890 l'as-

101 2909 141 2931 rie
161 2908 320 2937 Fiorentine,
340 2916 366 2940 p.
387 2910 463 2939 514):
483 2909 512 2932 di
531 2910 665 2933 Ravenna
687 2909 730 2932 nel
748 2908 814 2938 1360
827 2909 865 2939 (S.
880 2908 987 2932 Bnnm-
1039 2908 1107 2931 sedio
1126 2909 1156 2930 di
1172 2908 1268 2931 Parma
1288 2907 1330 2930 nel
1347 2912 1410 2936 1247
1438 2908 1467 2931 in
1493 2908 1570 2931 Atti
1596 2915 1611 2930 e
1638 2909 1738 2931 Mem.
1762 2908 1860 2932 della
1885 2909 1905 2931 R
1919 2926 1925 2932 .

101 2956 177 2978 com,
199 2950 314 2972 Goverm·
331 2951 360 2972 di
379 2950 503 2973 Ravenna
522 2952 582 2980 ete„
602 2952 736 2974 Ravenna
762 2950 848 2981 1898).
1041 2950 1168 2981 Deput.
1188 2950 1219 2973 di
1239 2952 1358 2973 storia
1377 2950 1499 2981 patria
1519 2957 1578 2982 per
1597 2949 1626 2972 le
1645 2950 1838 2982 provincie
1858 2950 1924 2973 del·
1957 2956 1984 2981 15

189 2989 198 3004 ⁴
219 2991 316 3015 Guelfo
337 2991 379 3015 de’
399 2992 548 3015 Germ-dini
562 2992 753 3016 connestabiie
767 2999 814 3023 per
826 2992 864 3023 gli
878 2992 987 3015 Estensi
1040 2991 1216 3020 l’Emilia,
1236 2998 1328 3015 nuova
1349 2993 1429 3020 serie,
1452 2992 1509 3015 vol.
1529 2991 1573 3020 VI,
1594 2993 1672 3022 parte
1691 2997 1723 3021 11,
1743 2999 1769 3022 p.
1791 2990 1839 3022 167
1857 2998 1914 3022 sgg.

259 3107 291 3129 T.
311 3105 371 3132 XV,
390 3113 416 3137 p.
435 3111 473 3129 111
492 3118 523 3122 —
543 3113 568 3137 9.

1992 855 2011 868 c.
2026 853 2086 872 1ojv

1997 1219 2054 1239 Mun
2067 1233 2071 1241 ,
2087 1224 2125 1242 420
