2360 3603
211 1045 222 1058 c
248 1045 271 1061 ι]
294 1045 300 1057 1

183 1199 255 1221 Mus..
271 1204 309 1222 ⁴75

207 2107 228 2122 c.
243 2107 279 2123 15!
290 2108 303 2119 υ

321 3008 351 3024 10

394 267 460 300 188
1007 263 1318 299 ct-1R0N1CON
1350 262 1578 297 ESTENSE
2046 269 2095 304 [A.
2117 270 2209 304 ηδε]

470 396 601 427 Eodem
625 395 802 426 millesimo
826 400 861 426 et
884 404 1010 425 mense.
1058 394 1314 425 Parlamentum
1340 393 1523 424 maximum
1548 393 1614 424 fuit
1636 394 1672 424 in
1698 391 1877 424 Alemania
1899 393 1935 425 in
1958 393 2108 425 Civitate
2133 394 2205 424 vie-

385 459 488 480 nense
513 448 640 480 domini
665 448 762 479 ducis
787 447 934 484 Austrie,
958 447 1015 478 ubi
1041 447 1186 478 accessit
1210 446 1365 477 dominus
1389 446 1538 477 Karolus
1563 446 1756 486 imperator,
1780 457 1841 477 rex
1864 445 2027 488 Ungarie‚
2044 446 2205 477 dominus

384 502 534 533 marchio
561 502 603 532 de
635 500 886 543 andiburgo,
912 500 1208 541 Archiepiscopus
1230 499 1450 537 treverensis,
1474 498 1768 540 Archiepiscopus
1792 499 2001 530 coloniensis
2018 500 2038 536 ¹,
2062 498 2209 530 Archie-

383 556 542 595 piscopus
566 554 794 596 maguntinuS‚
827 553 1110 594 archiepiscopus
1142 551 1289 594 Prage²,
1322 552 1571 583 ambaxiatores
1602 552 1694 593 regis
1718 551 1760 583 de
1784 551 1932 590 Charco,
1959 552 2208 583 ambaxiatores

383 607 606 645 Venetorum,
631 606 788 637 dominus
810 606 964 637 marchio
989 606 1031 636 de
1056 604 1182 649 Cuber,
1207 605 1265 646 qui
1289 604 1446 635 Marchio
1471 604 1638 636 concessit
1664 605 1767 635 tiliam
1791 615 1883 635 suam
1914 604 1948 634 in
1973 615 2114 635 uxorem
2147 605 2209 636 do-
2256 606 2273 636 5

383 660 475 691 mino
501 659 710 701 Imperatori.
758 659 858 689 Tunc
882 659 1114 695 firmaverunt,
1138 658 1231 699 quod
1256 658 1412 689 domiuus
1435 657 1628 698 Imperator
1645 657 1873 688 descenderet
1888 657 1923 688 in
1940 657 2092 698 partibus
2108 657 2211 688 Lom-

382 714 514 745 bardie.
561 713 713 744 Fuerunt
736 722 878 743 numero
901 711 1138 752 predictorum
1165 715 1266 742 xr¹¹¹vc
1282 711 1375 752 equi,
1398 716 1519 752 gentes
1543 721 1625 741 vero
1654 710 1918 741 innumerabiles
1947 710 2106 751 expensis
2123 710 2208 742 dicti

383 766 515 798 domini
542 765 638 797 (lucis
663 764 802 796 Austrie
826 771 891 796 etc.

468 819 598 850 Eodem
623 819 812 855 millesimo,
836 819 880 850 de
904 828 1021 849 mense
1045 817 1183 858 aprelis.
1230 817 1398 848 Dominus
1423 816 1654 849 Bernardinus
1677 817 1721 848 de
1746 815 1892 848 Polenta
1916 816 2064 847 accessit
2088 817 2212 848 Ferra-

379 874 464 904 riam
488 872 532 904 ad
561 872 807 913 parlamentum
833 882 910 902 curn
935 871 1074 902 domino
1099 870 1295 902 marchione
1320 869 1586 901 Aldrovandino
1610 876 1676 902 etc.
2235 871 2274 901 10

468 926 598 957 Eodem
624 925 814 961 millesimo,
840 925 897 956 die
923 925 1047 955 xxnn⁰
1069 924 1194 955 mensis
1218 923 1334 954 madii.
1381 923 1546 954 Dominus
1573 923 1726 954 marchio
1752 922 2034 954 Aldrovandinus
2067 923 2212 954 estensis

382 986 448 1011 etc.
473 980 648 1021 ingressus
672 985 722 1009 est
746 978 920 1010 Veronam
945 978 988 1009 ad
1013 978 1261 1019 parlamentum
1284 986 1361 1007 curn
1381 976 1522 1007 domino
1547 976 1638 1007 Cane
1663 977 1706 1007 de
1731 976 1765 1007 la
1787 975 1890 1007 Scala
1910 977 1989 1007 etc!

469 1033 601 1063 Eodem
625 1031 812 1068 millesimo,
838 1032 881 1062 de
906 1041 1020 1062 mense
1043 1030 1139 1074 junii.
1187 1030 1319 1061 Guerra
1344 1029 1480 1070 incepta
1504 1034 1556 1060 est
1586 1029 1673 1060 inter
1706 1029 1882 1060 dominum
1912 1039 2030 1071 regem
2053 1028 2208 1071 Ungarie

380 1092 414 1116 et
439 1096 584 1116 comune
609 1084 832 1120 Venetorum,
858 1085 901 1115 ad
927 1083 1102 1115 civitatem
1127 1083 1226 1127 Care.

468 1138 599 1169 Eodem
623 1137 814 1178 millesimo,
839 1137 881 1168 de
905 1147 1020 1168 mense
1043 1136 1131 1178 julii.
1177 1136 1343 1167 Dominus
1366 1135 1551 1166 Malatesta
1569 1136 1611 1166 de
1631 1134 1785 1166 Arimino
1809 1141 1875 1166 etc.
1894 1135 2042 1166 existens
2059 1134 2094 1165 in
2111 1133 2210 1165 obsi'-
2237 1134 2273 1165 15

384 1191 485 1223 dione
510 1191 604 1222 circa
629 1191 801 1222 civitatem
827 1191 945 1228 Firmi,
970 1200 1072 1231 quam
1095 1188 1295 1230 possidebat
1319 1188 1464 1220 Gentilis
1488 1189 1532 1219 de
1549 1188 1724 1225 Molliano,
1741 1188 1897 1219 dominus
1915 1187 2211 1229 Archiepiscopus

378 1244 646 1277 mediolanensis
668 1244 829 1275 tractavit
853 1249 1033 1285 treuguam
1058 1244 1151 1273 inter
1174 1248 1289 1283 partes
1312 1253 1418 1285 usque
1444 1242 1489 1274 ad
1512 1251 1560 1273 xx
1585 1242 1675 1273 diem
1691 1242 1817 1272 mensis
1833 1241 1980 1283 augusti,
1998 1246 2032 1272 et
2047 1240 2095 1271 sic
2113 1240 2210 1272 firma

381 1299 458 1336 fuit,
484 1308 589 1339 quare
615 1297 771 1328 dominus
795 1296 979 1328 Malatesta
1003 1306 1079 1327 cum
1105 1305 1164 1327 suo
1190 1295 1342 1326 exercitu
1367 1295 1495 1327 reversi
1529 1300 1606 1326 sunt
1636 1294 1827 1325 Ariminum
1861 1300 1895 1326 et
1926 1293 2059 1334 incepit
2082 1294 2209 1325 cassari

379 1350 624 1392 stipendiarios
646 1350 834 1391 predictos,
859 1356 893 1380 et
916 1349 962 1380 ita
985 1349 1071 1380 cassi
1097 1350 1302 1389 inceperunt
1325 1348 1509 1388 quamdam
1541 1348 1752 1384 societatem,
1784 1347 1952 1384 dicentes,
1968 1347 2063 1388 quod
2087 1347 2209 1377 venire

378 1404 540 1436 volebant
564 1403 755 1434 Ferrariam
781 1403 814 1432 in
838 1403 1013 1433 servitium
1038 1401 1166 1433 domini
1189 1401 1399 1432 marchionis
1415 1400 1595 1432 Francisci
1611 1401 1766 1432 estensis.
1806 1399 1943 1431 Interim
1962 1399 2119 1431 dominus
2136 1399 2205 1431 Ga·
2230 1399 2272 1430 20

379 1459 513 1489 leoctus
530 1457 638 1487 frater
655 1455 807 1496 predicti
825 1455 954 1486 domini
972 1454 1154 1486 Malateste
1171 1464 1249 1485 cum
1266 1454 1404 1485 domiuo
1421 1454 1609 1485 Francisco
1635 1459 1711 1490 etc„
1736 1453 1829 1484 finita
1851 1459 1995 1495 treugua
2018 1452 2206 1488 antedicta,

379 1512 513 1542 iverunt
536 1509 698 1545 Firmum,
723 1515 755 1540 et
778 1519 841 1549 pro
862 1507 1068 1539 tradimento
1093 1507 1286 1538 habuerunt
1309 1506 1472 1538 Portum³
1497 1506 1647 1538 civitatis
1672 1506 1788 1543 Firmi,
1812 1512 1846 1536 et
1869 1505 1982 1537 statim
2008 1505 2208 1537 direxerunt

381 1564 518 1595 lieteras
542 1563 679 1594 domino
706 1562 899 1599 Malateste,
923 1567 959 1592 ut
983 1561 1186 1592 festinanter
1210 1561 1395 1592 accederet
1419 1560 1558 1591 Portum
1583 1560 1774 1600 predictum
1805 1569 1882 1590 cum
1915 1564 1984 1590 toto
2017 1568 2116 1599 posse
2141 1564 2207 1589 etc.

464 1616 596 1647 Eodem
619 1616 810 1653 millesimo,
834 1615 888 1646 die
913 1614 950 1645 v⁰
974 1613 1099 1645 mensis
1123 1614 1265 1656 augusti.
1302 1613 1469 1645 Dominus
1493 1612 1774 1644 Aldrovandinus
1797 1611 1949 1643 marchio
1975 1617 2041 1643 etc.
2065 1611 2127 1642 ivit
2142 1617 2209 1643 ter-

379 1681 449 1701 ram
468 1669 633 1712 Argeum,
659 1675 692 1700 et
714 1669 761 1699 ibi
787 1668 934 1700 accessit
957 1667 1114 1699 dominus
1138 1667 1370 1698 Bernardinus
1394 1667 1436 1698 de
1460 1666 1606 1697 Polenta
1631 1667 1675 1697 ad
1698 1666 1959 1707 parlamentum.
2231 1663 2272 1695 25

466 1723 597 1754 Eodem
622 1722 813 1753 millesimo.
846 1721 948 1752 Nova
964 1721 1072 1751 relata
1090 1720 1231 1751 fuerunt
1247 1720 1387 1751 domino
1406 1719 1671 1751 Aldrovandino
1686 1719 1878 1750 marchioni
1895 1718 2021 1750 estensi
2038 1723 2105 1749 etc.
2122 1727 2208 1759 quo-

380 1777 481 1807 modo
505 1776 660 1806 dominus
684 1775 891 1806 Franciscus
915 1774 1059 1805 estensis
1084 1773 1239 1804 marchio
1262 1773 1474 1814 procurabat
1491 1773 1621 1804 habere
1638 1778 1757 1815 gentes
1781 1772 1939 1813 predicte
1958 1771 2148 1808 Sotietatis‚
2173 1777 2208 1802 et

381 1829 446 1860 alia
471 1829 672 1860 fulcimenta
695 1828 878 1859 ordinabat
894 1827 928 1857 in
946 1827 1116 1859 Arimino:
1135 1836 1202 1867 quo
1219 1827 1349 1863 audito,
1367 1825 1559 1857 deliberato
1576 1825 1722 1857 consilio
1740 1825 1896 1856 dominus
1912 1824 2066 1856 marchio
2082 1823 2208 1855 Aldro-

379 1883 547 1913 vandinus
570 1881 726 1913 mandari
750 1880 836 1912 fecit
858 1880 1014 1912 omnibus
1039 1879 1081 1910 de
1106 1879 1271 1911 comitatu
1296 1885 1331 1910 et
1354 1879 1539 1922 burgorum
1565 1879 1734 1915 Ferrarie,
1767 1877 1860 1920 quod
1892 1877 1996 1909 blada
2025 1877 2141 1908 vinum
2173 1882 2210 1908 et

378 1935 444 1966 alia
467 1934 587 1965 reduci
612 1933 781 1965 deberent
806 1933 992 1970 civitatem,
1018 1939 1052 1964 et
1076 1939 1158 1963 tunc
1183 1932 1381 1972 procuravit
1409 1931 1536 1963 habere
1560 1931 1683 1962 multos
1707 1931 1949 1972 stipendiarios
1973 1936 2038 1962 etc.
2231 1931 2273 1961 30

464 1988 597 2019 Eodem
622 1987 816 2024 millesimo,
841 1987 896 2018 die
920 1986 957 2017 x⁰
981 1986 1124 2028 augusti.
1172 1985 1338 2016 Dominus
1362 1985 1644 2017 Aldrovandinus
1660 1983 1837 2025 predictus
1861 1990 1927 2015 etc.
1951 1984 2013 2014 ivit
2029 1983 2209 2022 Abaciam,

377 2048 409 2072 et
433 2040 559 2072 ibidem
585 2041 730 2071 accessit
753 2039 799 2071 ad
823 2040 1072 2081 parlamentum
1099 2039 1257 2069 dominus
1281 2038 1384 2070 Canis
1410 2039 1452 2070 de
1478 2038 1510 2069 la
1534 2037 1648 2069 Scala.

467 2094 597 2125 Eodem
623 2093 815 2131 millesimo,
840 2093 895 2124 die
913 2092 1036 2123 XV1111⁰
1052 2092 1197 2133 augusti.
1245 2091 1410 2123 Dominus
1427 2092 1569 2134 Egidius
1596 2090 1811 2122 kardinalis‘
1836 2096 1870 2122 et
1893 2090 2027 2133 legatus
2045 2088 2099 2122 de'
2116 2100 2209 2120 man-

378 2149 462 2180 dato
487 2147 615 2179 domini
640 2146 735 2188 Pape
760 2146 853 2177 venit
877 2146 913 2176 in
937 2146 1090 2177 Ytaliam
1114 2151 1180 2176 etc.

465 2200 600 2232 Eodem
624 2200 813 2236 millesimo,
838 2199 894 2231 die
918 2199 1023 2230 xxw⁰
1047 2198 1175 2230 mensis
1199 2199 1343 2240 augusti.
1389 2198 1555 2229 Dominus
1578 2198 1761 2229 Malatesta
1792 2198 1836 2229 de
1861 2196 2029 2234 Arimino,
2054 2196 2211 2228 dominus
2231 2195 2273 2227 35

377 2254 584 2286 Franciscus
619 2253 773 2284 marchio
805 2253 946 2284 estensis
976 2253 1049 2283 eius
1081 2262 1200 2293 nepos,
1232 2258 1265 2283 et
1297 2251 1479 2283 Malatesta
1509 2251 1595 2282 tilius
1627 2250 1709 2282 dicti
1745 2250 1876 2281 domini
1910 2250 2096 2281 Malateste
2130 2260 2207 2280 cum

376 2308 522 2338 maximo
548 2307 702 2338 exercitu
729 2312 895 2337 venerunt
918 2316 980 2346 per
1000 2305 1093 2336 litum
1126 2305 1228 2336 maris
1259 2304 1303 2336 ad
1336 2305 1476 2336 Portum
1510 2303 1700 2341 Primarii⁵‚
1732 2310 1766 2334 et
1790 2303 1836 2334 ibi
1868 2314 1945 2334 cum
1978 2313 2039 2334 suo
2069 2302 2209 2345 navigio

378 2361 586 2392 transierunt
610 2359 753 2397 Padum,
778 2365 811 2390 et
846 2365 1014 2390 venerunt
1045 2357 1246 2400 Argentam‚
1280 2364 1314 2389 et
1346 2368 1464 2388 versus
1496 2357 1701 2389 Ferrariam.
1749 2356 1918 2397 Sequenti
1950 2357 2017 2392 die,
2049 2356 2210 2387 dominus

379 2414 561 2444 Malatesta
584 2413 771 2444 infirmatus
795 2418 846 2443 est
870 2412 903 2442 in
927 2411 1022 2443 Villa
1045 2411 1155 2442 sancti
1187 2411 1289 2442 Blasii
1303 2414 1324 2442 ⁶.
1374 2411 1473 2442 Tunc
1507 2410 1689 2441 destinavit
1720 2409 1896 2440 dominum
1925 2409 2149 2440 Franciscum
2173 2414 2209 2440 et

376 2466 590 2497 Malatestam
615 2477 693 2497 cum
719 2471 788 2496 toto
813 2465 966 2496 exercitu
983 2465 1027 2495 ad
1046 2470 1169 2496 terram
1195 2463 1360 2505 Argeum,
1378 2463 1524 2495 credens
1549 2463 1723 2494 civitatem
1741 2462 1881 2500 habere,
1899 2468 1951 2493 set
1974 2461 2114 2498 fefellit,
2128 2461 2211 2503 quia
2233 2462 2274 2492 40

469 2584 490 2600 1.
513 2576 578 2606 snit}
600 2576 703 2599 sactum
725 2578 765 2599 est
787 2576 878 2605 Mum
898 2584 946 2599 om.
969 2576 992 2598 Β
1013 2589 1043 2591 -
1064 2582 1086 2606 3.
1109 2575 1276 2598 Teverensis
1292 2575 1314 2598 A
1330 2588 1360 2591 -
1377 2580 1399 2604 7.
1420 2574 1541 2606 predicti
1564 2574 1640 2598 MUR.
1661 2586 1691 2590 —-
1712 2573 1736 2597 8.
1751 2573 1844 2603 prima
1864 2573 1893 2596 di
1912 2573 1990 2596 ducis
2011 2573 2037 2596 in
2057 2573 2081 2596 A
2102 2571 2206 2596 March.

377 2620 486 2642 cancell.
507 2627 551 2642 con
572 2627 604 2641 mc
625 2618 686 2649 rigo
708 2631 738 2634 —
762 2618 800 2641 18.
821 2625 928 2641 cassare
949 2617 1025 2641 MUR.
1047 2630 1077 2634 —
1102 2624 1140 2648 19.
1160 2619 1247 2640 cassis
1269 2617 1328 2640 AB
1341 2629 1351 2634 -
1366 2616 1483 2647 quedam
1504 2617 1621 2640 sotietas
1642 2616 1664 2639 Α
1686 2628 1718 2632 -
1739 2621 1780 2639 22.
1801 2617 1914 2646 portum
1935 2623 2002 2646 agg.
2022 2615 2051 2638 di
2069 2618 2206 2639 carattere

378 2661 475 2683 minato
495 2660 702 2683 nell'iulerliueo
721 2660 748 2683 in
768 2660 791 2683 Λ
812 2673 844 2677 -
865 2666 905 2690 29.
926 2659 959 2683 de
979 2660 1104 2683 comitat.
1125 2659 1148 2682 A
1162 2660 1197 2687 B;
1219 2659 1373 2682 comitatus
1392 2658 1470 2683 MUR.
1491 2672 1521 2675 —
1544 2664 1584 2689 37.
1606 2658 1674 2681 litus
1699 2665 1770 2681 corr.
1794 2657 1871 2681 Mun.
1892 2669 1924 2674 —
1944 2656 2034 2688 38-39.
2059 2656 2205 2680 dominum

379 2703 555 2725 Malatestam
577 2702 654 2726 Mun.

465 2787 471 2801 ¹
493 2789 664 2812 (juillclmus
685 2796 741 2811 von
763 2787 1262 2820 Gennep(1349-1362)3Eu131‹:t.‚0p.
1318 2789 1479 2819 apostolico
1507 2789 1535 2811 in
1561 2787 1646 2811 Italia
1673 2795 1686 2810 e
1712 2787 1830 2810 vicario
1856 2787 1988 2818 generale
2014 2787 2059 2810 dei
2086 2787 2209 2810 dominii

377 2832 430 2859 cia,
451 2839 476 2862 p.
498 2831 556 2854 206.
1319 2830 1393 2853 della
1414 2830 1524 2853 Chiesa.
1562 2828 1640 2853 Parti
1663 2829 1697 2852 da
1711 2829 1866 2859 Avignone
1880 2829 1901 2852 il
1920 2835 1949 2860 13
1965 2830 2074 2860 agosto.
2113 2827 2157 2852 Cf.
2177 2827 2208 2851 F.

464 2872 474 2887 3
495 2874 633 2896 Aruestus
655 2881 709 2896 von
732 2873 871 2896 l'ardubiz
894 2872 1077 2904 (1343-1362),
1091 2873 1195 2901 Euam..
1223 2876 1264 2902 op.
1318 2872 1476 2901 Fxmmuxr,
1496 2874 1538 2897 La
1558 2873 1720 2903 riconqm'sla
1746 2873 1815 2895 dello
1843 2874 1919 2896 §talo
1945 2872 2018 2895 della
2046 2871 2140 2895 Chic-sa
2156 2874 2209 2900 per

377 2917 430 2945 cit„
452 2924 477 2947 p.
499 2922 557 2946 303.
1319 2919 1399 2944 opera
1420 2916 1450 2938 di
1462 2915 1566 2945 Egidio
1585 2915 1747 2937 d’Alborno:
1767 2912 1943 2944 (1353-1357')
1961 2915 1991 2937 in
2011 2912 2116 2936 Studi
2135 2912 2208 2936 Sto·
2239 2917 2267 2941 ¹5

464 2956 474 2971 3
495 2958 582 2980 Porto
602 2957 658 2980 San
679 2958 802 2988 Giorgio
823 2966 836 2981 a
856 2958 904 2981 kil.
926 2957 957 2987 65
978 2957 1012 2980 da
1032 2957 1141 2980 Fermo.
1320 2957 1399 2985 rici,
1420 2956 1457 2979 VI
1478 2954 1580 2988 [1897]‚
1602 2963 1646 2986 pp.
1670 2961 1792 2986 197-213.

465 2998 475 3012 ‘¹
496 2999 599 3029 Egiiio
621 2998 805 3026 &Allan-nox,
827 3000 1007 3021 arrisu-semro
1028 2999 1056 3021 di
1076 2998 1195 3022 ToledO.
1216 2998 1265 3029 poi
1406 2997 1416 3011 ⁵
1436 2997 1564 3021 Primam
1584 3005 1600 3021 u
1620 3004 1650 3020 22
1673 2997 1723 3020 kil.
1744 2997 1777 3020 da
1798 2997 1944 3020 Ravenna.

379 3041 531 3065 cardinale.
547 3048 591 3064 cra
605 3043 680 3063 stato
696 3041 844 3064 nominato
866 3041 886 3063 il
907 3048 940 3071 30
954 3041 1060 3072 giugno
1078 3045 1141 3072 1353
1158 3040 1263 3071 Legato
1407 3038 1417 3053 ’ἶ
1436 3042 1490 3063 San
1512 3040 1624 3071 Biagio,
1645 3039 1715 3062 villa
1736 3046 1751 3062 a
1771 3047 1783 3070 5
1805 3039 1856 3063 kil.
1876 3039 1910 3062 da
1931 3040 2068 3070 Argenta.
