2360 3603
85 853 121 884 lO

85 1118 121 1149 15

84 1385 125 1414 20

82 1647 121 1677 25

83 1913 123 1944 30

85 2177 124 2210 35

85 2445 125 2475 40

147 253 197 288 [Α.
217 253 309 288 1352]
779 247 1087 283 CHRONICON
1115 248 1346 283 ESTENSE
1898 248 1966 283 185

143 378 296 410 timorem
319 379 542 420 ipsorummet
564 380 735 421 fugerant,
759 379 838 421 quia
854 379 991 410 fuerant
1008 380 1050 410 de
1074 379 1171 410 sotiis
1188 380 1316 410 domini
1334 378 1509 412 Fraucisci
1527 380 1747 418 marchionis,
1763 386 1797 411 et
1820 380 1852 411 ei
1867 379 1969 411 dede-

144 436 220 462 rant
242 431 413 468 auxilium,
436 432 575 473 quando
598 431 710 463 voluit
733 432 891 473 accipere
916 432 1103 463 dominium
1128 432 1286 463 Ferrarie
1311 439 1377 463 etc.

231 484 364 515 Eodem
388 484 578 521 millesimo,
603 484 657 515 die
675 484 784 525 primo
800 484 926 515 mensis
948 484 1033 527 julii,
1058 485 1152 516 circa
1176 495 1347 526 vesperas,
1371 486 1405 515 in
1431 485 1586 516 districtu
1610 486 1751 517 Ferarie
1774 486 1852 518 loco
1876 485 1969 517 dicto

143 536 293 567 Miliario
308 538 329 573 ¹,
352 542 554 578 tempestate
586 542 761 568 ventorum
785 537 905 568 domus
928 538 1041 578 alique
1067 538 1277 574 ceciderunt,
1301 544 1334 568 et
1353 537 1455 569 blada
1479 539 1659 570 existentia
1682 539 1716 568 in
1742 538 1871 580 campis
1895 548 1970 569 cum

143 589 253 630 paleis
277 595 432 631 asumpta
454 595 534 620 sunt
556 590 592 620 in
617 598 706 625 aere,
734 595 767 620 et
792 589 931 630 quidam
956 589 1018 620 bos
1042 600 1119 620 cum
1144 600 1211 620 una
1234 600 1340 621 vacca
1365 590 1534 627 similiter,
1552 601 1617 631 que
1634 602 1816 632 numquam
1835 597 1970 632 reperte

143 642 291 674 fuerunt.
336 641 415 673 Alia
449 641 573 673 mulier
603 641 767 680 similiter,
791 648 841 673 set
866 642 996 673 cecidit
1018 643 1053 672 in
1085 649 1208 673 terram
1240 649 1392 677 mortua:
1419 643 1524 674 etiam
1555 654 1642 674 unus
1670 655 1800 680 currus,
1833 643 1973 675 arbores

144 694 265 732 evulsi,
287 700 320 726 et
343 695 482 736 quidam
506 695 607 725 homo
633 695 762 725 levatus
786 694 820 724 in
836 705 949 726 aerem
974 694 1184 732 mirabiliter,
1201 701 1235 727 et
1258 695 1458 726 recordatus
1482 702 1600 727 sancte
1626 696 1745 728 Crucis
1762 696 1909 739 signavit
1924 707 1971 735 se,

147 753 228 779 tunc
254 747 394 784 cecidit,
418 753 452 778 et
476 747 581 779 multa
604 747 672 778 alia
696 753 760 779 etc.

231 801 365 832 Eodem
388 800 577 838 millesimo,
591 800 650 831 die
673 800 716 831 11⁰
730 801 874 842 augusti.
907 801 1072 832 Dominus
1084 801 1287 843 Raynaldus
1303 801 1456 833 marchio
1473 801 1558 832 filius
1576 803 1746 843 quondam
1764 802 1974 834 marchionis

144 852 315 896 Niccolay
331 859 462 884 secrete
480 853 620 884 recessit
636 854 678 885 de
697 853 832 884 civitate
851 854 1007 885 Ferrarie
1033 860 1066 885 et
1081 854 1255 896 ingressus
1279 861 1329 886 est
1347 864 1422 885 curn
1441 855 1580 886 domino
1598 855 1748 897 Agapito
1766 856 1808 887 de
1825 856 1972 887 Curiaco

145 907 190 937 ad
207 905 350 937 Podium
374 906 503 938 domini
527 906 695 938 Guidonis
711 907 754 937 de
772 906 1002 938 Lambertinis
1014 907 1035 943 ²,
1053 907 1111 948 qui
1128 907 1307 938 honoravit
1324 917 1411 939 eum.
1442 908 1543 940 Tunc
1560 915 1780 940 accesserunt
1795 909 1842 939 ibi
1858 908 1972 939 nuncii

144 959 274 990 domini
297 959 505 990 marchionis
530 958 791 996 Aldrovandini,
816 965 975 1001 rogantes
998 960 1105 997 illum,
1130 966 1166 990 ut
1189 966 1379 991 revertatur
1402 960 1614 992 Ferrariam:
1640 962 1699 1002 qui
1722 961 1828 992 nichil
1854 962 1970 992 facere

145 1012 262 1049 voluit,
285 1022 400 1054 ymmo
424 1012 593 1054 ingressus
617 1017 669 1043 est
693 1012 866 1053 quoddam
892 1018 1038 1044 castrum
1064 1013 1150 1044 dicti
1177 1013 1307 1044 domini
1333 1013 1510 1050 Guidonis‚
1534 1014 1671 1045 nomine
1698 1014 1975 1057 Gargancanum,

146 1066 182 1096 in
205 1064 365 1096 districtu
390 1065 556 1102 Bonouie,
579 1064 638 1096 ubi
665 1065 823 1096 dominus
847 1065 961 1097 Guido
985 1065 1096 1096 induit
1120 1075 1195 1096 eum
1220 1066 1420 1097 honorifice.
1467 1065 1569 1097 Tunc
1593 1067 1749 1098 dominus
1772 1065 1972 1098 Aldrovan'-

146 1118 244 1150 dinus
267 1119 420 1150 marchio
445 1118 533 1149 misit
565 1118 813 1149 ambaxiatores
844 1128 921 1149 suos
948 1119 991 1149 ad
1022 1118 1128 1155 illum,
1160 1118 1295 1150 scilicet
1326 1119 1499 1149 dominum
1533 1119 1711 1150 Galacium
1738 1121 1780 1151 de
1812 1120 1971 1156 Medicis,

146 1172 322 1202 dominum
346 1171 551 1202 Niccolaum
574 1171 617 1201 de
649 1170 824 1209 Robertis‚
853 1171 1030 1202 dominum·
1051 1171 1219 1213 Jacobum
1251 1171 1295 1202 de
1320 1171 1598 1208 Guramontibus,
1623 1179 1782 1214 rogantes
1806 1173 1912 1211 illurn,
1937 1178 1972 1203 ut

147 1235 258 1265 supra,
281 1224 340 1265 qui
364 1224 429 1255 hoc
454 1225 571 1255 facere
595 1223 750 1255 similiter
773 1223 957 1259 recusavit.
1002 1224 1102 1254 Tunc
1128 1224 1285 1255 dominus
1309 1224 1512 1267 Raynaldus
1536 1226 1693 1256 ascendit
1717 1235 1840 1266 equum
1866 1236 1972 1262 suum,

146 1283 180 1308 et
194 1277 256 1307 ivit
279 1276 480 1314 Bononiam,
503 1276 631 1308 deinde
659 1276 828 1313 Ymolam,
853 1276 979 1308 deinde
1004 1276 1206 1314 Ariminum,
1232 1277 1359 1308 deinde
1383 1277 1556 1314 Venetias‚
1581 1277 1706 1309 deinde
1730 1278 1892 1314 Paduam,
1916 1278 1974 1309 ubi

146 1335 312 1361 venerant
334 1329 491 1361 dominus
513 1329 717 1371 Raynaldus
740 1335 775 1360 et
798 1329 954 1361 dominus
975 1330 1174 1361 Ludovicus
1197 1329 1255 1360 filii
1280 1330 1409 1361 domini
1426 1329 1594 1361 Guidonis
1618 1331 1660 1361 de
1679 1331 1854 1373 Goncaga,
1873 1341 1974 1361 causa

150 1383 370 1415 conducendi
394 1383 503 1424 ipsum
526 1382 704 1414 Mantuam
727 1389 792 1414 etc.

230 1436 362 1467 Eodem
386 1435 575 1474 millesimo,
598 1435 653 1466 die
677 1440 760 1466 11110r
783 1436 926 1477 augusti.
972 1436 1137 1466 Dominus
1161 1436 1345 1467 Malatesta
1368 1435 1411 1467 de
1435 1435 1594 1467 Arimino
1621 1442 1686 1468 etc.
1711 1437 1879 1478 equitavit
1897 1447 1973 1468 cum

147 1489 242 1521 circa
265 1498 329 1520 ccc
353 1489 516 1520 militibus
538 1494 572 1520 et
596 1497 681 1519 cccc
697 1488 913 1529 pedestribus
931 1499 1047 1520 versus
1066 1489 1259 1530 Neapolim,
1288 1499 1391 1520 causa
1408 1489 1625 1521 conducendi
1648 1489 1838 1521 Ariminum
1864 1491 1974 1522 domi-

145 1552 224 1572 nam
247 1542 414 1573 Mariam³
438 1552 578 1573 uxorem
596 1542 769 1582 quondam
794 1541 921 1573 domini
946 1542 1045 1574 ducis
1068 1542 1111 1573 de
1128 1542 1266 1584 Duraco
1291 1542 1325 1572 in
1351 1552 1487 1573 uxorem
1513 1543 1586 1574 eius
1603 1543 1691 1574 sicut
1708 1543 1901 1581 dicebatur,
1925 1549 1975 1574 set

145 1594 207 1625 ivit
228 1595 349 1632 solum,
374 1594 520 1626 credens
543 1594 671 1626 habere
697 1595 891 1625 civitatem.
979 1605 1080 1636 quarn
1105 1594 1302 1635 possidebat
1327 1593 1473 1626 Gentilis
1498 1596 1541 1626 de
1558 1595 1738 1633 Molliano,
1763 1596 1888 1627 deinde
1912 1596 1974 1627 ivit

145 1647 307 1678 Esculum
331 1647 506 1678 civitatem
533 1658 638 1684 suam,
663 1647 791 1678 deinde
815 1647 1009 1688 Neapolim,
1026 1647 1085 1679 ubi
1102 1648 1258 1679 dominus
1280 1647 1489 1679 Ludovicux
1506 1657 1567 1679 rex
1592 1649 1773 1690 Neapolim
1799 1648 1976 1680 constituit

146 1710 223 1731 eum
245 1700 410 1732 vicarium
434 1700 536 1731 totius
560 1701 658 1743 regni
681 1706 748 1731 etc.

235 1753 366 1785 Eodem
392 1753 574 1784 millesimo
598 1759 632 1784 et
655 1763 782 1784 mense.
829 1754 960 1785 Gentes
977 1753 1110 1785 domini
1126 1754 1380 1795 archiepiscopi
1399 1753 1591 1785 Mediolani
1610 1755 1794 1787 existentes
1809 1756 1844 1787 in
1862 1761 1974 1786 castro

147 1806 317 1838 Bettone⁴
342 1807 378 1837 in
403 1805 576 1838 comitatu'
600 1806 743 1839 Perusii.
767 1806 924 1838 Perusini
948 1813 1078 1838 armata
1102 1817 1204 1837 manu
1227 1807 1373 1848 ingressi
1397 1814 1475 1839 sunt
1499 1808 1590 1839 circa
1615 1808 1743 1839 dictum
1767 1815 1916 1840 castrum
1939 1809 1975 1838 in

147 1859 338 1898 obsidione,
361 1860 454 1901 quod
477 1859 670 1891 habuerunt
694 1870 770 1890 cum
794 1860 916 1901 pactis,
939 1870 1005 1901 que
1030 1860 1211 1891 voluerunt
1235 1859 1317 1890 dicti
1341 1859 1509 1891 Perusini.
1556 1861 1682 1892 Omnes
1711 1862 1889 1902 caporales
1916 1862 1974 1892 sti-

148 1912 404 1953 pendiariorum
435 1913 620 1944 existentes
649 1913 685 1943 in
708 1912 802 1944 dicto
833 1918 946 1943 castro
970 1918 1004 1943 et
1026 1913 1076 1943 sic
1102 1911 1310 1947 habuerunt3
1338 1913 1397 1943 alii
1420 1913 1633 1954 stipendiarii
1658 1920 1874 1944 recesserunt
1898 1924 1975 1945 cum

145 1965 265 2007 pactis,
291 1966 384 2007 quod
407 1976 470 2006 per
491 1965 590 1996 unius
612 1966 692 1996 anni
716 1965 866 2006 spatium
890 1976 983 1995 arma
1007 1976 1076 1997 non
1101 1971 1267 2006 caperent
1291 1971 1411 1997 contra
1435 1976 1580 1997 comune
1606 1966 1737 1997 Perusii
1761 1973 1825 1998 etc.

234 2018 368 2049 Eodem
392 2018 572 2050 millesimo
597 2019 640 2050 de
657 2028 773 2050 mense
789 2018 1003 2060 septembris.
1051 2018 1179 2050 Gentes
1203 2019 1331 2050 domini
1350 2019 1603 2060 archiepiscopi
1620 2019 1808 2051 Mediolani
1825 2021 1976 2051 existen-

146 2078 198 2104 tes
221 2072 255 2102 in
286 2071 441 2112 partibus
464 2071 603 2110 Tuscie,
633 2071 772 2103 Peruxii
803 2077 836 2102 et
863 2071 1116 2108 Urbis-veteris,
1148 2077 1290 2113 propter
1315 2072 1491 2104 defectum
1522 2073 1719 2104 victualium
1750 2076 1976 2112 recesserunt,

151 2131 185 2156 et
209 2124 349 2156 iverunt
372 2124 573 2156 Bononiam.

237 2178 368 2209 Eodem
386 2177 563 2208 millesimo
581 2183 614 2209 et
631 2186 758 2208 mense.
795 2176 953 2208 Perusini
971 2188 1046 2209 cum
1064 2178 1212 2209 maximo
1230 2178 1389 2209 exercitu
1406 2177 1550 2220 ingressi
1568 2184 1644 2209 sunt
1660 2178 1858 2216 Cortonam,
1875 2190 1975 2220 quam

146 2238 228 2263 tunc
253 2230 434 2272 posidebat
457 2229 617 2261 domiuus
639 2229 936 2271 Archiepiscopus
958 2230 1234 2268 mediolanensis,
1259 2237 1291 2262 et
1316 2230 1361 2262 ibi
1386 2231 1419 2261 in
1444 2230 1621 2262 obsidione
1646 2237 1823 2262 steterunt.

235 2285 366 2315 Eodem
389 2283 576 2314 millesimo.
623 2283 790 2314 Dominus
813 2283 1094 2324 archiepiscopus
1111 2284 1314 2322 Mediolani,
1331 2284 1474 2315 audiens
1490 2284 1533 2314 de
1557 2285 1712 2315 exercitu
1730 2285 1975 2315 Peruxinorum

146 2337 314 2369 existente
338 2337 431 2368 circa
454 2336 649 2372 Cortonam,
672 2336 762 2367 misit
785 2341 906 2378 gentes
929 2347 1004 2367 suas
1027 2336 1120 2368 circa
1145 2337 1317 2368 civitatem
1340 2336 1464 2373 Aretii,
1489 2346 1556 2378 que
1581 2337 1763 2378 regebatur
1786 2347 1850 2378 per
1873 2338 1978 2369 Guel-

149 2391 213 2429 fos,
236 2397 272 2421 ut
295 2389 467 2422 exercitus
490 2388 731 2420 Perusinorum
756 2395 992 2420 removeretur
1015 2395 1081 2420 ete.

235 2443 365 2475 Eodem
381 2442 562 2474 millesimo
580 2448 613 2473 et
628 2452 753 2473 mense.
784 2442 950 2473 Dominus
966 2441 1128 2473 Albertus
1145 2443 1188 2474 de
1206 2443 1238 2474 la
1251 2442 1351 2486 Scala
1370 2443 1454 2474 obiit
1470 2443 1504 2473 in
1522 2443 1672 2479 Verona,
1685 2450 1719 2475 et
1731 2444 1882 2485 sepultus
1898 2455 1975 2475 cum

148 2496 297 2530 maximo
321 2497 469 2533 honore;
495 2502 528 2526 et
551 2496 584 2526 in
608 2495 675 2526 hiis
699 2495 820 2526 diebus
837 2495 995 2527 dominus
1013 2496 1165 2527 marchio
1183 2495 1464 2527 Aldrovandinus
1479 2495 1542 2527 ivit
1566 2496 1732 2528 Abaciam
1757 2497 1791 2528 in
1815 2496 1975 2528 districtu

147 2549 303 2592 Rodigii,
326 2549 383 2580 ubi
406 2548 555 2580 accessit
577 2547 734 2580 dominus
757 2547 861 2579 Canis
885 2548 1036 2580 Grandis
1060 2549 1103 2579 de
1127 2548 1160 2579 la
1184 2548 1287 2579 Scala
1310 2549 1354 2579 ad
1378 2549 1636 2589 parlamentum.

235 2602 367 2634 Eodem
390 2601 581 2638 millesimo,
605 2601 649 2632 de
676 2611 792 2632 mense
815 2600 977 2632 octubris,
1025 2601 1151 2633 Gentes
1175 2601 1306 2633 domini
1330 2602 1583 2642 archiepiscopi
1607 2601 1796 2633 Mediolani
1820 2610 1918 2635 erant
1940 2604 1977 2634 in

241 2720 262 2736 1.
283 2713 416 2744 fugerunt
434 2712 511 2736 Mun.
532 2725 563 2729 -
584 2718 638 2743 4-5.
657 2712 808 2736 bladae...
821 2730 827 2737 .
847 2713 1006 2743 assumptae
1026 2713 1104 2736 Mna.
1124 2726 1156 2728 —
1177 2719 1199 2744 7.
1219 2711 1323 2742 evulsi]
1345 2711 1476 2735 convulsi
1497 2712 1573 2735 Mna.
1594 2725 1602 2728 -
1617 2711 1728 2742 quidem
1744 2712 1767 2734 Α
1781 2713 1805 2735 Β
1819 2725 1849 2728 —
1868 2718 1906 2734 10.
1922 2711 1975 2736 Cu—

151 2755 247 2779 vriaco
267 2756 344 2779 MUR.
360 2769 391 2771 —
408 2762 446 2785 15.
461 2755 542 2778 illum
557 2755 586 2778 di
598 2759 734 2779 carattere
747 2755 844 2778 minuto
858 2756 901 2778 sul
914 2755 975 2786 rigo
989 2755 1015 2777 ιἰὶ
1030 2755 1054 2778 A
1065 2768 1096 2772 —
1113 2761 1151 2786 17.
1167 2762 1246 2785 equm
1261 2755 1284 2777 Α
1300 2767 1330 2771 -
1346 2761 1386 2785 23.
1401 2756 1461 2777 eius
1476 2762 1543 2785 agg.
1557 2755 1599 2777 sul
1613 2754 1673 2784 rigo
1688 2755 1717 2777 ‹li
1729 2757 1865 2777 caraclerc
1879 2755 1976 2778 minuto

152 2797 178 2820 in
198 2797 221 2820 A
242 2810 273 2813 —
294 2803 334 2827 24.
354 2798 450 2821 lacuna
470 2797 493 2820 A
506 2796 617 2822 BMUR,
639 2809 670 2813 —
691 2802 731 2827 25.
753 2796 887 2828 Neapolis
907 2796 985 2820 MUR.
1007 2810 1037 2812 —
1059 2803 1100 2827 29.
1119 2797 1184 2826 dopo
1201 2795 1332 2819 Perusini
1354 2796 1433 2820 MUR.
1451 2804 1537 2826 agg-a
1558 2796 1592 2818 Et
1606 2796 1763 2819 habueruut
1777 2803 1873 2819 omues
1887 2809 1919 2812 —
1934 2803 1975 2827 30.

151 2839 335 2863 existentium
357 2840 448 2869 sturm
468 2840 550 2863 exist.
570 2839 631 2862 AB
645 2852 653 2856 -
673 2841 700 2862 et
720 2839 759 2862 sic
780 2838 939 2861 habueruut
958 2846 1006 2861 om.
1026 2839 1103 2862 MUR.
1125 2852 1156 2855 —
1176 2845 1217 2869 3²-
1238 2838 1357 2861 Eodem.
1373 2856 1378 2860 .
1391 2857 1395 2861 .
1408 2854 1414 2861 .
1434 2837 1472 2869 etl
1492 2838 1533 2860 De
1554 2837 1630 2860 MUR.
1651 2851 1682 2853 ψ
1701 2844 1744 2867 35.
1770 2838 1924 2861 millesimo
1950 2841 1977 2861 et

150 2889 198 2905 om.
218 2881 296 2906 MUR.
316 2895 348 2898 —
369 2888 410 2913 39.
429 2882 455 2905 iu
475 2882 599 2912 margine
618 2881 648 2905 di
662 2881 686 2904 Α
700 2881 730 2904 di
741 2880 832 2910 prima
850 2888 940 2903 mano:
959 2887 1035 2903 mors
1056 2880 1166 2903 domini
1186 2880 1298 2904 Alberti
1313 2880 1346 2903 de
1359 2881 1386 2903 la
1400 2879 1480 2903 Scala
1495 2888 1508 2902 e
1521 2880 1543 2902 il
1555 2879 1664 2909 ‹liseguo
1678 2880 1707 2902 di
1720 2888 1770 2903 lma
1784 2881 1856 2903 scala
1871 2889 1887 2903 a
1901 2888 1975 2903 mano

240 2974 245 2989 ⁸
270 2975 412 3005 Migliaro,
426 2973 618 3006 (Migliarino)
631 2982 646 2998 a
660 2981 694 3005 40
708 2975 756 2998 kil.
771 2977 848 2999 circa
861 2977 895 2999 (la
912 2976 1034 2999 Ferrara.
1178 2974 1188 2990 3
1202 2976 1292 3000 Maria
1307 2976 1432 3009 d'Aujou
1449 2984 1530 3008 sposa
1545 2977 1573 2999 in
1589 2977 1710 3000 seconde
1725 2973 1809 2999 uozzc'
1823 2985 1836 3000 a
1849 2977 1975 3007 Filippo.

240 3015 250 3031 '²
271 3017 379 3050 Poggio
399 3016 547 3045 chaiieo,
568 3026 581 3040 a
604 3024 634 3048 14
655 3017 704 3041 kil.
725 3019 797 3040 circa
818 3018 850 3041 du
871 3017 995 3041 Ferrnra.
1179 3017 1190 3033 ⁴
1210 3019 1331 3042 Bettona
1352 3027 1366 3042 a
1386 3025 1419 3042 20
1439 3018 1486 3041 kil.
1513 3019 1548 3041 da
1568 3018 1696 3049 l’erugia.

2037 1126 2109 1147 Mus..
2125 1129 2163 1148 472

2063 1819 2082 1833 c.
2097 1819 2135 1836 ‘jv
2147 1819 2160 1831 r
