2360 3603
110 225 160 260 [Α.
180 227 272 258 1³47]
735 218 1045 253 CHRONICON
1074 217 1306 253 ESTENSE
1856 220 1923 253 145

106 357 248 381 ruerunt
272 350 304 381 ei
336 356 480 391 portam,
513 361 612 392 quam
644 350 855 381 intraverunt
887 360 1014 381 omnes.
1061 350 1162 381 Tunc
1193 349 1383 381 Pandulfus
1418 349 1504 380 dixit
1536 349 1752 381 custodibus:
1777 349 1927 380 dominus

111 402 346 434 Bernardinus
375 406 524 434 mortuns
548 408 606 439 cst,
631 407 664 434 ct
686 403 760 433 ideo
785 404 855 434 volo
878 403 1024 434 obtinere
1055 403 1236 433 dominium
1260 402 1418 439 civitatis,
1450 408 1483 433 et
1506 403 1700 433 munierunt
1723 408 1868 443 portam,
1892 408 1926 433 et

107 455 244 486 ensibus
267 456 368 486 nudis
393 461 615 486 cucurrerunt
639 455 684 487 ad
707 456 854 496 plateam
879 456 1080 487 clamantes:
1113 455 1210 486 Vivat
1233 455 1433 496 pandulfus.
1474 455 1609 486 Interim
1634 461 1831 486 acesserunt
1854 454 1926 496 pla-

107 514 198 539 team
229 508 331 539 amici
358 507 444 539 dicti
474 508 641 545 Panduffi,
672 515 706 539 et
738 509 987 540 constituerunt
1018 518 1136 540 omnes
1159 508 1268 549 ipsum
1294 508 1465 539 dominum
1491 508 1580 539 dicte
1606 509 1753 540 civitatis
1777 510 1870 539 etc..'

64 559 80 591 5
193 560 328 591 Eodem
352 560 542 597 millesimo,
571 560 628 592 die
653 561 827 593 dominico
853 561 1040 598 Ofivarum,
1066 559 1181 591 xxvn⁰
1207 561 1332 592 mensis
1348 560 1472 592 martii.
1518 560 1682 592 Dominus
1698 561 1846 592 Karolus
1863 570 1923 592 rex

109 613 260 652 Boemie,
284 613 415 644 electus
446 614 488 644 ab
520 614 677 645 Ecclesia
707 614 741 644 in
772 613 1017 654 Imperatorem
1050 623 1280 651 romanorum,
1312 613 1399 644 fecit
1431 613 1598 644 celebrari
1629 613 1764 645 missam
1788 613 1822 644 in
1846 613 1926 644 civi-

105 671 175 696 tate
199 666 332 702 Trenti‚
356 666 486 697 scilicet
510 667 543 696 in
568 667 779 707 episcopatu,
802 666 859 697 ubi
884 666 1107 707 personaliter
1131 665 1241 697 extitit
1265 665 1414 697 vestibus
1438 666 1577 697 indutus
1601 666 1834 707 imperialibus
1851 676 1927 698 cum

106 718 201 760 virga
225 729 327 750 aurea
351 724 385 750 et
407 719 476 760 pila
499 720 647 750 rotunda
668 720 702 750 in
727 718 892 754 manibus,
915 719 1108 761 significans
1126 719 1393 750 dominationem
1424 719 1550 751 mundi.
1573 719 1685 750 Finita
1707 719 1818 756 missa,
1835 720 1929 760 equi-

109 771 193 802 tavit
217 782 279 811 per
303 771 478 803 civitatem
505 778 570 803 etc.

51 824 88 854 10
197 824 330 855 Eodem
353 824 546 862 millesimo,
571 825 613 856 de
637 836 754 856 mense
778 825 915 866 aprelis·
931 825 1016 856 Cum
1035 825 1211 865 predictus
1226 825 1383 856 dominus
1400 825 1550 856 Karolus
1566 824 1681 856 ivisset
1696 825 1731 856 in
1750 823 1927 856 obsidione

110 886 186 907 cum
211 877 366 908 exercitu
391 887 451 909 suo
476 883 623 908 castrum
647 877 804 909 Marani¹
829 878 1010 909 comitatus
1026 877 1148 913 Tiroli,
1163 878 1198 908 in
1224 887 1290 919 quo
1314 884 1387 908 erat
1410 877 1549 908 domina
1565 877 1666 908 Anna
1682 887 1768 908 uxor
1792 877 1921 908 domini

109 929 319 960 marchionis
342 930 385 961 de
409 929 650 972 Brandiburgo
674 931 718 961 ad
742 930 931 961 custodiam
957 936 990 961 et
1013 930 1252 961 defensionem
1278 929 1362 961 dicti
1387 930 1499 967 castri,
1524 936 1558 961 et
1582 930 1724 961 viriliter
1747 940 1782 961 se
1805 930 1927 962 defen-

105 982 219 1013 debat.
244 982 344 1013 Tunc
368 982 518 1014 adcessit
533 981 580 1013 ibi
597 982 753 1014 dominus
768 982 925 1014 Marchio
949 982 1126 1024 predictus
1150 992 1227 1013 cum
1244 983 1392 1013 maxima
1409 983 1596 1024 quantitate
1614 983 1756 1014 militum
1774 988 1806 1014 et
1829 983 1927 1024 pedi-

103 1041 183 1071 tum,
207 1033 333 1065 bellum
350 1034 535 1065 maximum
547 1035 806 1066 commictentes
822 1045 900 1066 cum
916 1035 1063 1066 inimicis
1080 1040 1128 1066 tot
1144 1040 1178 1065 et
1193 1034 1304 1066 taliter
1321 1035 1412 1076 quod
1428 1041 1549 1076 gentes
1565 1035 1694 1066 domini
1712 1034 1928 1076 Imperatoris

45 1086 80 1118 15
105 1087 330 1128 adripuerunt
352 1088 470 1130 fugam
495 1095 529 1118 et
554 1088 706 1119 conflicti
730 1088 887 1124 fuerunt:
914 1089 998 1119 certi
1014 1098 1095 1119 vero
1112 1088 1170 1129 qui
1192 1088 1384 1119 substinere
1409 1088 1589 1119 voluerunt
1613 1088 1788 1129 impetum,
1805 1088 1928 1120 mortui

104 1146 138 1171 et
160 1140 251 1180 capti
276 1140 425 1171 fuerunt.
472 1140 662 1181 Imperator
686 1141 774 1182 fugit
797 1140 964 1172 Trentum
989 1147 1055 1172 etc.

190 1191 325 1224 Eodem
351 1192 542 1230 millesimo,
568 1193 623 1224 die
640 1193 760 1224 xxmr‘*
791 1194 928 1234 apreliS.
953 1194 1170 1234 aplicuerunt
1195 1194 1386 1224 Ferrariam
1402 1193 1652 1225 ambaxiatores
1677 1192 1808 1224 domini
1833 1194 1925 1236 regis

105 1245 256 1288 Ungarie
280 1251 313 1277 et
336 1246 508 1286 petierunt
532 1257 552 1277 a
575 1247 713 1278 domino
730 1247 928 1278 marchione
945 1246 1100 1288 Obicone
1125 1247 1300 1278 transitum
1317 1253 1351 1278 et
1368 1257 1501 1288 passum
1519 1257 1581 1288 per
1597 1247 1702 1287 ipsius
1726 1247 1926 1283 districtum,

102 1298 178 1329 vice
202 1304 236 1329 et
260 1298 397 1329 nomine
422 1305 455 1329 et
478 1304 575 1339 parte
600 1298 729 1330 domini
751 1299 843 1340 regis
867 1299 1020 1341 Ungarie
1047 1306 1079 1330 et
1104 1309 1250 1335 suorum,
1274 1299 1429 1330 volentes
1451 1299 1597 1330 transire
1629 1299 1662 1329 in
1694 1299 1855 1340 Apuliam
1880 1299 1924 1329 ad

41 1351 83 1382 20
106 1351 307 1382 sumendum
325 1351 511 1382 vindictam
535 1350 579 1382 de
596 1358 703 1383 morte
726 1352 817 1394 regis
839 1351 1027 1383 Andreaxii
1051 1352 1122 1383 eius
1146 1352 1280 1388 fratris;
1305 1352 1363 1393 qui
1386 1352 1542 1384 dominus
1565 1352 1722 1383 Marchio
1747 1351 1870 1383 obtulit
1895 1351 1925 1381 ei

109 1409 227 1445 aperte
251 1409 285 1434 et
309 1403 473 1440 libenter3
499 1410 534 1435 et
556 1405 605 1435 sic
630 1405 787 1436 contenti
811 1405 1017 1436 transierunt
1042 1414 1148 1446 usque
1173 1405 1216 1435 ad
1240 1411 1352 1446 partes
1382 1404 1507 1446 Aquile
1539 1405 1573 1435 in
1607 1412 1696 1435 terra
1727 1404 1870 1446 Abrucii
1893 1410 1927 1435 et

102 1456 245 1497 pacifice
271 1457 463 1488 habuerunt
486 1457 613 1489 dictam
639 1459 810 1489 civitatem
828 1464 862 1490 et
878 1458 944 1489 alia
961 1464 1083 1489 castra.
1131 1458 1205 1489 Hiis
1221 1458 1334 1494 factis,
1358 1468 1445 1489 unus
1464 1469 1503 1489 ex
1522 1458 1811 1489 ambaxiatoribus
1834 1464 1927 1489 ante-

102 1509 202 1540 dictis
226 1509 365 1541 intravit
388 1510 423 1540 in
448 1511 594 1551 quadam
620 1511 712 1547 navi,
737 1517 770 1542 et
793 1511 854 1542 ivit
878 1511 1051 1543 dominum
1075 1521 1191 1553 regem
1217 1510 1382 1553 Ungarie,
1408 1511 1605 1552 significans
1630 1510 1662 1541 ei
1691 1511 1784 1552 quod
1807 1511 1924 1541 venire

103 1561 247 1593 deberet
270 1563 315 1594 ad
338 1574 396 1594 sua
424 1563 641 1604 beneplacita
665 1575 782 1596 versus
805 1563 977 1605 Apuliam,
1001 1563 1163 1605 quoniam
1188 1574 1306 1595 omnes
1330 1564 1478 1595 libenter
1502 1563 1683 1596 obedirent
1708 1564 1738 1594 ei
1762 1570 1827 1594 etc.

41 1615 81 1646 25
194 1616 330 1647 Eodem
352 1616 544 1653 millesimo,
568 1617 610 1648 de
634 1628 751 1648 mense
775 1617 889 1648 madii.
935 1617 1119 1660 Magnifica
1144 1617 1281 1648 domina
1298 1617 1435 1648 domina
1451 1616 1603 1648 Ixabella
1620 1615 1673 1648 de'
1697 1617 1824 1653 Flisco,
1842 1627 1927 1648 uxor

107 1668 279 1710 magnifici
303 1675 337 1700 et
360 1669 509 1710 potentis
533 1670 661 1701 domini
686 1671 815 1701 domini
839 1669 988 1701 Luchini
1013 1670 1237 1702 vicecomitis
1260 1670 1461 1707 Mediolani,
1479 1670 1633 1711 quamvis
1649 1680 1821 1712 pregnans
1845 1675 1931 1701 esset

101 1728 136 1752 et
152 1722 350 1762 perveniret
373 1723 417 1754 ad
439 1728 572 1764 tempus
588 1723 758 1764 pariendi,
777 1724 942 1766 languens
959 1723 1026 1760 diu,
1050 1734 1085 1755 se
1103 1724 1197 1755 vovit
1213 1724 1359 1754 vixitare
1376 1724 1482 1755 altare
1500 1723 1609 1755 sancti
1626 1723 1738 1754 Marci
1755 1724 1798 1754 de
1815 1723 1930 1754 Vene-

101 1775 158 1805 tiis
181 1775 414 1816 personaliter,
438 1776 466 1807 si
497 1776 671 1808 evaderet.
713 1776 814 1808 Tunc
845 1777 981 1817 peperit
1005 1776 1090 1808 duos
1122 1777 1209 1807 filios
1240 1777 1419 1813 masculos,
1445 1782 1479 1807 et
1501 1775 1646 1807 liberata
1669 1782 1719 1806 est
1742 1775 1785 1807 de
1809 1785 1924 1806 mense

103 1828 245 1869 augusti.
290 1828 391 1859 Tunc
408 1829 573 1870 temporis
585 1829 751 1861 revelavit
767 1830 906 1860 domino
923 1829 1081 1861 Luchino
1097 1836 1222 1866 votum,
1239 1830 1333 1870 quod
1357 1829 1578 1870 promixerat‚
1594 1829 1794 1860 desiderans
1817 1828 1924 1860 adim-

39 1880 80 1911 30
103 1879 216 1921 plere3
240 1880 298 1922 qui
316 1881 493 1922 respondit
517 1892 591 1912 esse
610 1888 799 1919 contentus,
816 1887 850 1912 et
866 1881 1008 1914 nuncios
1024 1882 1148 1913 direxit
1165 1881 1309 1913 subditis
1324 1881 1504 1913 cuiuslibet
1522 1881 1680 1921 civitatis,
1706 1881 1799 1923 quod
1814 1881 1929 1912 trade-

104 1938 177 1963 rent
200 1932 229 1963 ei
256 1933 342 1965 duos
365 1934 584 1965 honorabiles
608 1934 703 1966 cives
727 1934 784 1965 tali
809 1935 853 1966 de
870 1945 990 1971 causa;
1008 1942 1042 1966 et
1058 1935 1106 1966 sic
1124 1935 1254 1966 factum
1278 1941 1339 1966 est.
1387 1934 1455 1972 Qui
1474 1935 1614 1965 fuerunt
1632 1943 1758 1970 xxv-111,
1774 1933 1926 1965 scilicet:

191 2028 350 2061 dominus
375 2029 548 2062 Gratiolus
573 2031 616 2062 de
640 2030 795 2073 Opicinis
877 2044 883 2081 ξ
906 2058 949 2089 de
973 2057 1114 2089 civitate
1138 2058 1292 2089 Tortone

192 2081 351 2113 dominus
374 2082 579 2114 Franciscus
603 2083 645 2114 de
669 2083 831 2125 Poncano
877 2093 883 2119 t

194 2135 351 2166 dominus
371 2135 540 2167 Iohannes
565 2147 584 2166 a
608 2136 714 2167 Puteo

41 2186 80 2219 35
192 2187 351 2219 dominus
375 2188 592 2220 Guillielmus
617 2189 660 2220 de
685 2189 854 2221 Guaschis

193 2241 350 2272 dominus
373 2240 543 2273 Antonius
567 2242 610 2273 de
634 2241 808 2273 Durassiis

911 2165 953 2195 de
978 2163 1190 2195 Alexandria

192 2292 349 2324 dominus
371 2293 589 2325 Conradinus
613 2293 812 2326 Rudderius
886 2248 894 2337 ’ζ
916 2269 959 2300 de
982 2268 1057 2300 Asu

193 2346 351 2377 dominus
374 2346 592 2388 Princivallis
615 2346 796 2390 Avogarus
888 2338 891 2342 ’
966 2375 1009 2406 de
1033 2374 1176 2405 Commo

194 2399 351 2430 dominus
367 2399 505 2431 Codeus
521 2401 564 2431 de
580 2399 708 2431 Sancto
725 2399 915 2432 Benedicto

42 2452 83 2481 40
197 2451 352 2482 dominus
374 2451 525 2493 Jacobus
548 2452 591 2483 de
617 2452 754 2484 Summo

194 2504 350 2536 dominus
373 2503 540 2536 Bertonus
564 2504 777 2536 Cavalcabos

197 2556 354 2588 dominus
376 2557 557 2589 Iacobinus
580 2557 796 2599 Tangetinus
831 2562 838 2599 2

194 2609 350 2641 dominus
372 2609 494 2641 Petrus
518 2611 560 2641 de
585 2609 766 2652 Ugonibus
832 2605 838 2656 j

196 2663 355 2694 dominus
379 2662 548 2694 Antonius
571 2661 746 2705 Cagnolus
783 2670 789 2703 ρ
812 2689 855 2719 de
880 2688 1048 2719 Vercellis

45 2715 86 2745 45
199 2715 356 2746 dominus
379 2715 553 2757 Ricardus
575 2716 728 2758 Ticonus
957 2722 963 2729 ’

835 2457 842 2509 i
865 2480 907 2511 de
931 2480 1101 2511 Cremona

860 2584 903 2616 de
927 2585 1075 2627 Bryssya

200 2856 222 2881 3.
243 2847 435 2881 cucurrerunt]
455 2850 631 2874 currentibus
652 2851 675 2874 Α
697 2864 727 2867 -
752 2856 790 2874 12.
811 2850 1026 2873 denfensionem
1046 2850 1072 2873 1⁴71
1092 2849 1125 2875 A,
1145 2857 1189 2872 con
1205 2850 1293 2878 primo
1314 2857 1329 2871 n
1350 2853 1456 2877 espnnto
1476 2861 1506 2864 μ
1530 2855 1568 2878 19.
1589 2848 1694 2879 Apulia
1714 2848 1736 2871 A
1759 2861 1789 2864 -—
1812 2853 1852 2870 22.
1879 2848 1931 2870 His

111 2891 189 2915 Mun.
210 2904 241 2908 -—
263 2897 304 2921 4²·
324 2890 501 2922 Tagentinus
520 2890 670 2915 ABMUR.

199 2977 208 2993 ²
226 2978 343 3003 Marano
364 2987 378 3002 a
397 2980 470 3003 circa
491 2978 523 3009 78
543 2979 592 3003 kil.
613 2980 646 3002 da
667 2978 784 3002 Trento.

241 3093 273 3116 T.
292 3093 353 3123 XV,
372 3101 398 3125 p.
416 3099 453 3118 111
474 3107 504 3112 —
527 3100 575 3117 10.—

1998 577 2017 590 c.
2034 577 2093 595 ¹¹5⁷

1985 1627 2057 1647 Mes..
2074 1632 2112 1651 ⁴35

2004 2491 2023 2505 c.
2040 2491 2103 2510 113v
