2360 3603
67 923 104 953 lO

66 1185 102 1217 15

60 1451 101 1481 20

57 2241 98 2273 35

65 2961 98 2978 10

129 217 211 251 [AA.
234 219 427 251 1340-1341]
754 210 1065 246 CHRONICON
1095 209 1324 246 ESTENSE
1888 209 1902 243 l
1916 208 1928 242 l
1942 209 1955 243 1

128 341 236 374 rentie
263 347 297 373 et
327 341 490 380 districtu,
515 352 581 384 qua
604 341 726 373 mortui
750 346 826 373 sunt
850 341 942 372 circa
966 342 1049 372 ΧνῑΥΠ
1072 341 1227 372 homines
1259 346 1292 372 et
1315 340 1485 378 mulieres;
1511 345 1544 371 et
1567 339 1684 371 similis
1707 349 1808 371 casus
1836 338 1962 371 accidit

128 394 163 425 in
187 392 426 426 Romandiola.

194 446 327 477 Eodem
350 445 528 478 millesimo
552 446 595 477 de
619 455 735 477 mense
758 445 842 488 julii.
866 444 1059 487 Capitulum
1090 444 1299 486 provinciale
1331 445 1472 476 fratrum
1504 443 1676 476 Minorum
1700 444 1829 475 factum
1853 449 1902 475 est
1924 444 1960 475 in

129 498 296 530 Ferraria.

216 551 347 582 Eodem
370 551 547 583 millesimo
564 551 607 583 de
624 561 739 583 mense
757 550 957 592 septembris
981 550 1014 581 in
1031 551 1120 582 festo
1136 556 1252 581 sancte
1270 550 1390 582 Crucis
1404 551 1424 581 ¹.
1449 549 1641 591 Capitulum
1664 549 1875 591 provinciale
1892 549 1960 580 sra-

129 610 214 635 trum
231 603 483 636 Predicatorum
507 605 636 636 factum
659 610 710 636 est
732 603 767 635 in
791 603 957 642 Ferraria,
981 603 1015 634 in
1032 613 1099 645 quo
1116 602 1255 634 fuerunt
1278 602 1370 634 circa
1394 612 1435 634 cc
1452 602 1592 639 fratrem
1618 607 1651 634 et
1667 608 1747 633 tunc
1766 607 1837 634 erat
1857 602 1963 633 maxi-

129 667 219 688 mum
244 666 358 688 carum
384 656 531 688 omnium
555 656 733 688 bladorum
756 655 893 698 ubique.

932 776 1128 809 MCCCXL
1130 777 1160 819 J.

215 871 279 902 Die
305 881 345 902 111
378 871 502 903 mensis
526 871 639 903 madii.
677 870 863 914 Magnifica
894 876 927 902 et
958 869 1118 901 benivola
1149 869 1287 901 domina
1318 870 1455 902 domina
1485 870 1617 913 Jacoba
1644 880 1728 901 uxor
1759 868 1899 900 illustris
1932 873 1965 899 et

127 924 299 965 magnifici
323 924 450 956 domini
474 924 603 956 domini
627 924 789 967 Obiconis
813 923 1018 955 marchionis
1043 923 1183 954 estensis
1199 928 1264 955 etc.
1284 923 1409 955 clauxit
1424 924 1458 954 in
1483 923 1639 955 extremis
1664 923 1697 953 in
1722 921 1857 954 civitate
1882 921 1964 952 Fer-

128 977 234 1014 rarie3
260 983 293 1008 et
316 978 484 1019 sepultum
507 983 558 1009 est
583 987 706 1018 corpus
731 977 802 1008 eius
827 976 870 1007 ad
893 976 1005 1008 locum
1030 975 1175 1007 fratrum
1199 975 1371 1007 Minorum
1396 975 1440 1007 de
1458 976 1614 1008 Ferraria
1637 974 1832 1007 honorifice.

214 1029 347 1062 Eodem
371 1030 548 1061 millesimo
574 1030 628 1061 die
653 1030 732 1060 lune
749 1039 812 1060 xxr
829 1029 956 1061 mensis
979 1028 1084 1060 madii
1100 1028 1134 1059 in
1149 1028 1259 1070 primo
1277 1039 1420 1070 sompno
1438 1029 1594 1060 dominus
1616 1029 1788 1060 Bonectus
1801 1027 1813 1044 ²
1830 1027 1872 1059 de
1895 1026 1966 1058 Ve-

127 1092 222 1120 rona,
247 1083 305 1124 qui
327 1089 409 1115 tunc
432 1092 495 1124 pro
519 1082 657 1114 domino
681 1081 830 1113 Mastino
847 1087 998 1123 potestas
1015 1086 1088 1113 erat
1104 1080 1239 1120 Parme,
1264 1081 1428 1124 equitavit
1452 1080 1497 1112 ad
1521 1081 1700 1122 quemdam
1717 1086 1856 1122 pontem
1873 1078 1964 1110 dicte

128 1134 282 1174 civitatis,
306 1135 364 1168 ubi
387 1135 516 1167 invenit
539 1135 732 1177 Johannem
756 1135 799 1166 de
825 1134 974 1177 Corigia‚
1000 1134 1057 1176 qui
1074 1140 1146 1166 erat
1169 1134 1215 1166 ibi
1238 1143 1301 1176 per
1332 1134 1460 1166 dictum
1484 1133 1657 1166 dominum
1680 1133 1875 1169 Mastinum‚
1900 1142 1963 1172 pro

128 1188 276 1229 quodam
300 1198 435 1219 rumore
460 1189 553 1219 facto
571 1188 605 1218 in
621 1188 686 1219 illis
710 1187 840 1225 diebus,
855 1187 912 1229 qui
934 1193 1055 1229 postea
1077 1187 1214 1218 rediens
1230 1197 1291 1228 per
1308 1193 1445 1218 stratam
1461 1187 1569 1218 sancti
1586 1185 1702 1218 Iacobi
1719 1197 1797 1218 cum
1821 1185 1966 1216 maxima

125 1240 312 1281 quantitate
336 1240 477 1272 militum
502 1246 535 1272 et
558 1240 722 1282 peditum,
748 1240 949 1271 occiderunt
973 1240 1096 1271 multos
1121 1249 1163 1271 ex
1194 1238 1351 1281 gentibus
1382 1239 1503 1281 populi
1529 1239 1619 1271 circa
1648 1248 1723 1269 xxx
1747 1237 1809 1269 sub
1832 1237 1966 1279 portico

125 1292 233 1324 sancti
247 1293 406 1324 Gervaxii
417 1291 439 1325 ³.
485 1293 586 1324 Tunc
604 1293 760 1324 dominus
777 1293 890 1325 Guido
904 1292 914 1309 ⁴
933 1303 1009 1324 cum
1025 1292 1100 1324 filiis
1116 1292 1184 1324 suis
1200 1292 1377 1323 hedificari
1393 1293 1552 1324 fecerunt
1569 1297 1687 1329 rostaS,
1704 1297 1738 1323 et
1758 1296 1966 1332 acceperunt

124 1351 259 1386 portam
283 1346 390 1377 sancti
413 1346 581 1383 Micaelis‚
607 1352 641 1378 et
664 1346 710 1377 ibi
734 1346 956 1378 adcesserunt
973 1355 1090 1378 omnes
1107 1345 1262 1383 civitatis,
1287 1345 1343 1387 qui
1367 1351 1552 1386 potuerunt
1577 1344 1775 1376 clamantes:
1794 1344 1966 1386 Populum

124 1398 286 1440 populum
294 1410 306 1440 ;
330 1404 363 1430 et
386 1398 514 1431 ibidem
539 1398 640 1430 etiam
664 1398 887 1430 adcesserunt
911 1409 1029 1430 omnes
1052 1397 1263 1440 stipendiarii
1288 1404 1463 1440 equestres
1496 1404 1529 1429 et
1560 1397 1694 1438 pedites
1726 1397 1854 1428 domim'
1889 1397 1966 1428 Ma-

125 1450 218 1488 stini,
243 1457 276 1482 et
299 1451 433 1492 preliati
457 1458 533 1483 sunt
557 1462 633 1483 cum
658 1451 722 1483 illis
745 1451 890 1483 viriliter
914 1457 948 1483 et
972 1451 1023 1483 bis
1047 1451 1157 1483 dictus
1182 1451 1340 1483 dominus
1373 1450 1498 1482 Guido'
1524 1461 1601 1482 cum
1633 1450 1708 1481 filiis
1735 1449 1802 1481 suis
1835 1455 1868 1481 et
1892 1448 1965 1480 aliis

127 1503 243 1535 amicis
267 1504 435 1546 infugavit
460 1515 533 1542 eosg
559 1510 769 1547 quapropter
793 1505 910 1547 fugam
936 1515 1053 1536 omnes
1076 1510 1196 1548 gentes
1220 1504 1348 1536 domini
1379 1503 1517 1536 Mastini
1550 1504 1767 1545 arripuerunt
1797 1508 1894 1534 extra
1919 1502 1967 1533 ci-

126 1556 264 1588 vitatem
289 1567 352 1598 per
374 1563 508 1599 portam
533 1558 684 1595 Novam3
710 1564 743 1589 et
767 1558 813 1589 sic
832 1558 949 1589 civitas
965 1557 1133 1589 remanxit
1157 1557 1200 1588 ad
1225 1557 1400 1598 populum.
1448 1557 1582 1588 Deinde
1606 1556 1667 1588 ivit
1691 1556 1847 1587 dominus
1870 1554 1966 1597 Acco

127 1608 170 1639 de
196 1608 335 1651 Corigia
359 1610 402 1640 ad
427 1614 574 1640 castrum
599 1609 836 1640 Guardaxonis
861 1618 938 1640 cum
962 1608 1109 1640 maxima
1125 1607 1311 1650 quantitate
1328 1607 1491 1648 peditum,
1518 1613 1551 1639 et
1574 1607 1732 1638 dominus
1755 1606 1968 1649 Phylypinus

126 1661 168 1693 de
195 1662 361 1705 Goncaga
387 1673 463 1693 cum
488 1663 634 1693 maxima
657 1661 842 1704 quantitate
867 1661 1010 1693 militum
1035 1667 1068 1693 et
1091 1661 1244 1703 peditum
1275 1661 1310 1691 in
1334 1660 1522 1692 subsidium
1555 1660 1711 1699 civitatis,
1736 1665 1769 1691 et
1801 1660 1844 1691 de
1877 1669 1966 1690 novo

127 1714 297 1757 eligerunt
322 1715 537 1757 capitaneum
562 1720 595 1746 et
617 1720 821 1756 potestatem
847 1715 890 1745 ad
915 1714 1104 1746 custodiam
1129 1713 1222 1746 dicte
1248 1713 1403 1746 civitatis.

213 1767 346 1798 Eodem
371 1767 551 1798 millesimo
576 1767 618 1798 de
643 1776 759 1798 mense
782 1767 878 1809 junii.
903 1766 1043 1798 Domini
1061 1766 1154 1798 dela
1172 1766 1274 1798 Scala
1292 1776 1368 1797 cum
1386 1772 1456 1798 toto
1473 1776 1574 1808 posse
1599 1766 1732 1797 iverunt
1755 1766 1789 1796 in
1813 1764 1967 1797 exercitu

124 1820 216 1851 circa
241 1820 413 1852 civitatem
436 1820 588 1858 Mantue‚
614 1820 743 1852 ibidem
767 1819 936 1851 facientes
960 1819 1109 1861 dapnum
1134 1819 1327 1857 maximum,
1353 1825 1387 1851 et
1412 1819 1670 1851 combusserunt
1695 1818 1815 1850 domos
1840 1824 1873 1849 et
1897 1817 1969 1849 bla-

125 1874 203 1909 dos:
229 1873 431 1905 occiderunt
454 1873 608 1905 homines
632 1880 665 1905 et
689 1873 865 1910 mulieres;
891 1873 1016 1904 deinde
1041 1873 1216 1904 redierunt
1240 1872 1414 1904 Veronam
1441 1873 1675 1905 conducentes
1700 1883 1776 1904 cum
1802 1872 1851 1903 eis
1883 1871 1968 1902 mul-

124 1931 176 1957 tos
201 1933 330 1968 captos,
356 1932 389 1958 et
413 1926 593 1957 maximam
618 1926 841 1968 quantitatem
866 1925 1060 1957 bestiarum.

213 1979 346 2011 Eodem
371 1979 551 2011 millesimo
568 1985 601 2011 et
617 1989 732 2010 mense
756 1979 930 2020 inceptum
947 1978 1014 2010 fuit
1031 1978 1309 2010 fundamentum.
1320 2002 1327 2010 .
1338 2002 1362 2010 ..
1382 1979 1525 2010 fratrum
1548 1978 1721 2010 Minorum
1738 1978 1781 2009 de
1799 1978 1967 2010 Ferraria.

210 2031 343 2063 Eodem
366 2031 545 2063 millesimo
570 2038 604 2063 et
627 2041 743 2064 mense
767 2031 801 2062 in
826 2031 881 2063 die
913 2031 1020 2063 sancti
1046 2031 1211 2073 Johannis
1236 2030 1398 2072 Baptiste.
1445 2030 1537 2063 Obiit
1561 2031 1595 2062 in
1619 2031 1779 2062 Ferraria
1812 2030 1968 2062 dominus

122 2084 200 2115 Dux
223 2084 267 2117 de
292 2084 566 2123 Guramontibus,
592 2091 625 2116 et
649 2084 801 2126 sepultus
826 2091 875 2116 est
900 2084 943 2116 ad
968 2085 1080 2116 locum
1104 2085 1247 2116 fratrum
1273 2084 1523 2116 Heremitarum
1548 2084 1704 2116 Ferrarie
1728 2083 1763 2115 in
1795 2093 1875 2114 arca
1899 2083 1969 2114 fra-

125 2143 211 2168 trum
236 2148 381 2169 suorum.

211 2190 343 2222 Eodem
367 2190 543 2222 millesimo
567 2197 600 2222 et
631 2191 665 2222 in
688 2191 741 2223 his
765 2191 886 2223 diebus
918 2191 1089 2232 completa
1113 2191 1177 2222 fuit
1202 2190 1347 2234 truyna5
1372 2191 1589 2232 episcopatus
1620 2191 1727 2222 sancti
1752 2190 1892 2233 Georgii
1923 2189 1967 2221 de

124 2243 289 2281 Ferraria,
315 2250 349 2276 et
373 2244 577 2276 laborerium
600 2245 727 2288 ystorie
750 2244 856 2276 sancti
883 2244 985 2282 Petri,
1011 2250 1044 2275 et
1067 2243 1242 2285 pilastrum
1267 2243 1422 2286 Virginis
1446 2243 1557 2276 Marie
1580 2244 1616 2275 in
1641 2243 1733 2275 dicto
1759 2243 1968 2286 episcopatu,

123 2295 167 2327 ob
193 2296 287 2327 cuius
310 2297 535 2329 reverentiam
560 2297 666 2329 multa
689 2297 853 2329 miracula
877 2297 1133 2329 demonstravit.

210 2349 342 2381 Eodem
359 2350 535 2383 millesimo
553 2351 596 2383 de
612 2360 728 2383 mense
743 2351 818 2394 julii
836 2351 869 2381 in
886 2351 973 2382 festo
991 2355 1108 2381 sancte
1126 2349 1312 2392 Margarite
1329 2349 1468 2392 virginis
1480 2348 1501 2381 ⁸.
1549 2350 1643 2392 Equs
1659 2349 1882 2382 barberescus
1906 2350 1968 2382 do-

122 2401 203 2432 mini
226 2401 395 2445 Niccolay
411 2403 616 2435 marchionis
632 2403 726 2435 venit
742 2402 932 2435 Ferrariam
958 2403 1001 2434 de
1017 2402 1169 2444 partibus
1185 2402 1322 2440 Tuscie‚
1341 2408 1376 2434 et
1392 2402 1620 2435 Romandiole
1638 2412 1713 2434 cum
1730 2402 1842 2435 multis
1857 2403 1967 2445 paliis.

213 2536 238 2560 9.
258 2530 301 2553 nel
318 2532 436 2562 margine
455 2532 485 2554 di
501 2531 611 2554 sinistra
630 2531 660 2553 di
678 2531 718 2554 A:
740 2537 814 2555 mors
834 2530 979 2562 magnifice
997 2531 1024 2555 d.
1038 2530 1135 2554 Iacobe
1156 2530 1189 2554 de
1208 2531 1322 2563 Pepulis
1342 2531 1436 2555 uxoris
1457 2530 1630 2555 marchionis
1650 2531 1786 2565 Obiqonis
1806 2544 1837 2548 -
1861 2538 1901 2563 14.
1920 2539 1968 2563 per

127 2571 231 2595 dictum
250 2572 314 2604 etc.]
335 2580 385 2605 pro
405 2573 483 2597 dieto
498 2575 549 2597 etc.
568 2573 647 2597 Mun.
668 2585 699 2589 -—-
722 2572 762 2597 16.
782 2573 891 2605 porticu
910 2572 988 2596 Mun.
1011 2586 1042 2589 —
1066 2572 1105 2597 18.
1124 2572 1262 2604 civitatis]
1288 2573 1368 2597 civit.
1387 2572 1429 2600 A:
1447 2572 1591 2596 civitatem
1611 2572 1688 2597 MUR.
1708 2586 1740 2590 -—
1764 2580 1804 2605 19.
1822 2575 1850 2597 et
1868 2573 1969 2597 ibidem

126 2613 210 2637 etiam
229 2614 252 2636 A
261 2623 271 2641 ,·
291 2616 317 2638 et
336 2614 439 2639 ibidem
459 2616 487 2638 et
505 2615 547 2641 B,-
567 2615 596 2638 et
608 2614 710 2638 ibidem
725 2614 801 2638 Mun.
817 2627 848 2630 —
864 2621 905 2639 20.
918 2616 945 2638 et
960 2615 1051 2645 ,prima
1071 2615 1100 2637 dz'
1112 2614 1225 2646 preliati
1239 2621 1298 2645 agg.
1313 2614 1390 2639 MUR.
1409 2628 1442 2632 —
1457 2614 1498 2638 26.
1513 2616 1573 2638 toto
1593 2621 1673 2647 posse
1686 2615 1710 2638 Α
1720 2625 1730 2642 ,·
1743 2616 1804 2639 toto
1819 2622 1869 2639 suo
1888 2622 1970 2647 posse

126 2654 152 2677 B
170 2655 249 2680 MUR.
264 2670 295 2673 —
310 2662 351 2687 30.
364 2657 469 2681 Eodem
490 2657 700 2681 millesimo....
720 2656 850 2680 Ferraria
868 2664 917 2679 om.
932 2656 957 2679 B
975 2657 1051 2680 Mun.
1067 2669 1077 2673 -
1096 2657 1159 2687 dopo
1178 2655 1389 2680 fundamentum
1409 2656 1504 2680 lacuna
1525 2670 1556 2673 —
1570 2663 1611 2688 32.
1626 2656 1849 2681 Guramontibus
1862 2657 1940 2682 MuR.
1959 2670 1969 2674 -

127 2697 169 2719 est
188 2704 248 2728 agg.
268 2696 345 2721 MUR.
366 2712 397 2715 -—
418 2705 459 2730 34.
478 2698 584 2722 Eodem
605 2697 758 2721 millesimo
777 2698 805 2720 et
824 2698 854 2720 in
874 2705 920 2721 om.
942 2698 1019 2723 MUR.

213 2783 220 2800 ¹
243 2793 273 2817 14
292 2786 450 2812 settembre.
1160 2786 1170 2801 5
1190 2788 1220 2812 Si
1238 2787 1307 2811 veda
1326 2788 1352 2811 la
1373 2788 1543 2812 discussione
1563 2787 1593 2811 di
1612 2789 1708 2818 questa
1728 2788 1826 2818 parola
1844 2789 1873 2811 in
1894 2788 1967 2811 Bim-

212 2826 223 2842 2
243 2828 363 2852 ssonetto
382 2828 416 2852 da
441 2828 592 2853 Malvicina
612 2836 755 2854 veronese.
780 2826 881 2858 Vsum,
902 2829 970 2854 δίον.
990 2831 1014 2853 α’.
1073 2835 1154 2859 ΤοΝΙ,
1174 2829 1348 2852 L’z‘scrizione
1359 2828 1496 2859 ferrarese
1516 2829 1559 2852 del
1576 2834 1636 2857 1135
1656 2830 1685 2852 z’n
1712 2829 1794 2852 studi
1818 2829 1966 2855 medievalt',

124 2870 216 2893 Marcu
238 2870 309 2893 Triv.
330 2878 341 2893 e
368 2870 469 2898 Veron„
491 2871 536 2901 XI,
556 2878 599 2901 92.
1071 2871 1105 2900 ΙΙ,
1120 2870 1186 2895 fasc.
1201 2869 1239 2901 4⁰.
1262 2871 1371 2902 Truyna
1391 2878 1455 2901 pare
1475 2871 1616 2902 significhi
1633 2870 1776 2894 null'altro
1790 2871 1838 2894 che
1852 2870 1967 2894 l’abside

213 2910 223 2924 ³³
243 2911 345 2936 Ch'iesa
364 2912 393 2936 di
411 2912 466 2937 San
487 2913 622 2937 Gcrvaso.
1073 2912 1147 2936 della
1166 2911 1269 2935 chiesa.

213 2951 222 2967 ⁴
243 2952 337 2977 Guido
357 2952 392 2977 da
411 2953 578 2986 Correggio.
1159 2951 1170 2967 θ
1191 2959 1224 2977 20
1244 2954 1342 2985 luglio.

2041 1464 2061 1479 c.
2077 1463 2124 1481 921)
