<?xml version="1.0" encoding="UTF-8"?>
<!DOCTYPE html PUBLIC "-//W3C//DTD XHTML 1.0 Transitional//EN"
    "http://www.w3.org/TR/xhtml1/DTD/xhtml1-transitional.dtd">
<html xmlns="http://www.w3.org/1999/xhtml" xml:lang="en" lang="en">
 <head>
  <title>
</title>
<meta http-equiv="Content-Type" content="text/html;charset=utf-8" />
  <meta name='ocr-system' content='tesseract 3.04.00' />
  <meta name='ocr-capabilities' content='ocr_page ocr_carea ocr_par ocr_line ocrx_word'/>
</head>
<body>
  <div class='ocr_page' id='page_1' title='image "./p3f2rerumitalica15murauoft_0022.png"; bbox 0 0 2360 3603; ppageno 0'>
   <div class='ocr_carea' id='block_1_1' title="bbox 218 1128 304 1150">
    <p class='ocr_par' dir='ltr' id='par_1_1' title="bbox 218 1128 304 1150">
     <span class='ocr_line' id='line_1_1' title="bbox 218 1128 304 1150; baseline -0.023 -2"><span class='ocrx_word' id='word_1_1' title='bbox 218 1134 237 1148; x_wconf 87' lang='lat' dir='ltr'><strong>c.</strong></span> <span class='ocrx_word' id='word_1_2' title='bbox 252 1128 304 1150; x_wconf 73' lang='lat'><em>87¹1&gt;</em></span> 
     </span>
    </p>
   </div>
   <div class='ocr_carea' id='block_1_2' title="bbox 391 249 2214 295">
    <p class='ocr_par' dir='ltr' id='par_1_2' title="bbox 391 249 2214 295">
     <span class='ocr_line' id='line_1_2' title="bbox 391 249 2214 295; baseline -0.004 -7"><span class='ocrx_word' id='word_1_3' title='bbox 391 253 459 288; x_wconf 79' lang='lat'><strong>104</strong></span> <span class='ocrx_word' id='word_1_4' title='bbox 1017 250 1338 295; x_wconf 75' lang='lat' dir='ltr'><strong>CHRONICON¹</strong></span> <span class='ocrx_word' id='word_1_5' title='bbox 1355 249 1584 285; x_wconf 90' lang='lat' dir='ltr'>ESTENSE</span> <span class='ocrx_word' id='word_1_6' title='bbox 2049 255 2100 289; x_wconf 86' lang='lat' dir='ltr'><strong>[A.</strong></span> <span class='ocrx_word' id='word_1_7' title='bbox 2121 255 2214 288; x_wconf 80' lang='lat'><strong>1334]</strong></span> 
     </span>
    </p>
   </div>
   <div class='ocr_carea' id='block_1_3' title="bbox 374 375 2280 2689">
    <p class='ocr_par' dir='ltr' id='par_1_3' title="bbox 377 375 2278 1050">
     <span class='ocr_line' id='line_1_3' title="bbox 384 375 2213 419; baseline -0.003 -5"><span class='ocrx_word' id='word_1_8' title='bbox 384 382 542 414; x_wconf 89' lang='lat' dir='ltr'><strong>chionum</strong></span> <span class='ocrx_word' id='word_1_9' title='bbox 566 380 747 412; x_wconf 82' lang='lat' dir='ltr'><strong>existentes</strong></span> <span class='ocrx_word' id='word_1_10' title='bbox 770 379 804 410; x_wconf 94' lang='lat' dir='ltr'><strong>in</strong></span> <span class='ocrx_word' id='word_1_11' title='bbox 827 378 964 415; x_wconf 90' lang='lat' dir='ltr'><strong>navilio,</strong></span> <span class='ocrx_word' id='word_1_12' title='bbox 988 388 1056 409; x_wconf 93' lang='lat' dir='ltr'><strong>non</strong></span> <span class='ocrx_word' id='word_1_13' title='bbox 1079 376 1328 419; x_wconf 88' lang='lat' dir='ltr'><strong>permictebant</strong></span> <span class='ocrx_word' id='word_1_14' title='bbox 1351 386 1409 408; x_wconf 89' lang='lat' dir='ltr'><strong>eos</strong></span> <span class='ocrx_word' id='word_1_15' title='bbox 1432 376 1585 414; x_wconf 88' lang='lat' dir='ltr'><strong>transire,</strong></span> <span class='ocrx_word' id='word_1_16' title='bbox 1609 376 1802 407; x_wconf 83' lang='lat' dir='ltr'><strong>resistentes</strong></span> <span class='ocrx_word' id='word_1_17' title='bbox 1827 387 1902 408; x_wconf 90' lang='lat' dir='ltr'><strong>cum</strong></span> <span class='ocrx_word' id='word_1_18' title='bbox 1926 375 2056 408; x_wconf 86' lang='lat' dir='ltr'><strong>balistis</strong></span> <span class='ocrx_word' id='word_1_19' title='bbox 2081 383 2115 408; x_wconf 90' lang='lat' dir='ltr'><strong>et</strong></span> <span class='ocrx_word' id='word_1_20' title='bbox 2139 377 2213 409; x_wconf 90' lang='lat' dir='ltr'><strong>aliis</strong></span> 
     </span>
     <span class='ocr_line' id='line_1_4' title="bbox 382 428 2212 471; baseline -0.003 -6"><span class='ocrx_word' id='word_1_21' title='bbox 382 433 549 465; x_wconf 88' lang='lat' dir='ltr'><strong>hedifitiis.</strong></span> <span class='ocrx_word' id='word_1_22' title='bbox 596 432 730 469; x_wconf 86' lang='lat' dir='ltr'><strong>Adhuc,</strong></span> <span class='ocrx_word' id='word_1_23' title='bbox 748 431 833 461; x_wconf 89' lang='lat' dir='ltr'><strong>sicut</strong></span> <span class='ocrx_word' id='word_1_24' title='bbox 848 429 940 461; x_wconf 90' lang='lat' dir='ltr'><strong>Deus</strong></span> <span class='ocrx_word' id='word_1_25' title='bbox 956 430 1126 471; x_wconf 60' lang='lat' dir='ltr'><strong>permitit,</strong></span> <span class='ocrx_word' id='word_1_26' title='bbox 1152 429 1258 460; x_wconf 80' lang='lat' dir='ltr'><strong>crevit</strong></span> <span class='ocrx_word' id='word_1_27' title='bbox 1274 428 1408 460; x_wconf 76' lang='lat' dir='ltr'><strong>fortiter</strong></span> <span class='ocrx_word' id='word_1_28' title='bbox 1424 428 1553 465; x_wconf 87' lang='lat' dir='ltr'><strong>Padus;</strong></span> <span class='ocrx_word' id='word_1_29' title='bbox 1579 438 1684 470; x_wconf 87' lang='lat' dir='ltr'><strong>quare</strong></span> <span class='ocrx_word' id='word_1_30' title='bbox 1701 428 1859 460; x_wconf 86' lang='lat' dir='ltr'><strong>timentes</strong></span> <span class='ocrx_word' id='word_1_31' title='bbox 1882 439 2009 467; x_wconf 90' lang='lat' dir='ltr'><strong>omnes,</strong></span> <span class='ocrx_word' id='word_1_32' title='bbox 2033 430 2146 461; x_wconf 81' lang='lat' dir='ltr'><strong>multis</strong></span> <span class='ocrx_word' id='word_1_33' title='bbox 2169 429 2212 460; x_wconf 91' lang='lat' dir='ltr'><strong>de</strong></span> 
     </span>
     <span class='ocr_line' id='line_1_5' title="bbox 381 479 2212 522; baseline -0.003 -4"><span class='ocrx_word' id='word_1_34' title='bbox 381 486 490 518; x_wconf 90' lang='lat' dir='ltr'><strong>causis</strong></span> <span class='ocrx_word' id='word_1_35' title='bbox 504 489 717 517; x_wconf 88' lang='lat' dir='ltr'><strong>recesserunt</strong></span> <span class='ocrx_word' id='word_1_36' title='bbox 734 482 930 514; x_wconf 87' lang='lat' dir='ltr'><strong>Bononiam.</strong></span> <span class='ocrx_word' id='word_1_37' title='bbox 978 482 1078 513; x_wconf 89' lang='lat' dir='ltr'><strong>Tunc</strong></span> <span class='ocrx_word' id='word_1_38' title='bbox 1111 480 1266 512; x_wconf 87' lang='lat' dir='ltr'><strong>homines</strong></span> <span class='ocrx_word' id='word_1_39' title='bbox 1289 486 1377 512; x_wconf 89' lang='lat' dir='ltr'><strong>terre</strong></span> <span class='ocrx_word' id='word_1_40' title='bbox 1401 479 1554 522; x_wconf 84' lang='lat' dir='ltr'><strong>Argente</strong></span> <span class='ocrx_word' id='word_1_41' title='bbox 1577 486 1808 512; x_wconf 87' lang='lat' dir='ltr'><strong>tractaverunt</strong></span> <span class='ocrx_word' id='word_1_42' title='bbox 1830 490 1950 522; x_wconf 88' lang='lat' dir='ltr'><strong>pacem</strong></span> <span class='ocrx_word' id='word_1_43' title='bbox 1974 491 2051 513; x_wconf 91' lang='lat' dir='ltr'><strong>cum</strong></span> <span class='ocrx_word' id='word_1_44' title='bbox 2074 482 2212 513; x_wconf 89' lang='lat' dir='ltr'><strong>domino</strong></span> 
     </span>
     <span class='ocr_line' id='line_1_6' title="bbox 379 532 2211 579; baseline -0.003 -9"><span class='ocrx_word' id='word_1_45' title='bbox 379 538 574 570; x_wconf 86' lang='lat' dir='ltr'><strong>marchione</strong></span> <span class='ocrx_word' id='word_1_46' title='bbox 591 534 785 579; x_wconf 86' lang='lat' dir='ltr'><strong>Raynaldo,</strong></span> <span class='ocrx_word' id='word_1_47' title='bbox 802 540 835 566; x_wconf 90' lang='lat' dir='ltr'><strong>et</strong></span> <span class='ocrx_word' id='word_1_48' title='bbox 851 535 1022 575; x_wconf 86' lang='lat' dir='ltr'><strong>petierunt</strong></span> <span class='ocrx_word' id='word_1_49' title='bbox 1039 534 1081 565; x_wconf 92' lang='lat' dir='ltr'><strong>ab</strong></span> <span class='ocrx_word' id='word_1_50' title='bbox 1106 544 1157 571; x_wconf 91' lang='lat' dir='ltr'><strong>eo,</strong></span> <span class='ocrx_word' id='word_1_51' title='bbox 1181 538 1218 564; x_wconf 89' lang='lat' dir='ltr'><strong>ut</strong></span> <span class='ocrx_word' id='word_1_52' title='bbox 1239 533 1288 564; x_wconf 88' lang='lat' dir='ltr'><strong>ire</strong></span> <span class='ocrx_word' id='word_1_53' title='bbox 1313 538 1452 574; x_wconf 81' lang='lat' dir='ltr'><strong>possent</strong></span> <span class='ocrx_word' id='word_1_54' title='bbox 1475 532 1663 564; x_wconf 85' lang='lat' dir='ltr'><strong>Bononiam</strong></span> <span class='ocrx_word' id='word_1_55' title='bbox 1681 543 1758 564; x_wconf 90' lang='lat' dir='ltr'><strong>cum</strong></span> <span class='ocrx_word' id='word_1_56' title='bbox 1775 533 1844 564; x_wconf 84' lang='lat' dir='ltr'><strong>suis</strong></span> <span class='ocrx_word' id='word_1_57' title='bbox 1867 533 2012 565; x_wconf 83' lang='lat' dir='ltr'><strong>arnexiis</strong></span> <span class='ocrx_word' id='word_1_58' title='bbox 2036 539 2070 564; x_wconf 91' lang='lat' dir='ltr'><strong>et</strong></span> <span class='ocrx_word' id='word_1_59' title='bbox 2091 534 2211 571; x_wconf 78' lang='lat' dir='ltr'><strong>rebus3</strong></span> 
     </span>
     <span class='ocr_line' id='line_1_7' title="bbox 383 585 2276 629; baseline -0.003 -7"><span class='ocrx_word' id='word_1_60' title='bbox 383 597 417 622; x_wconf 89' lang='lat' dir='ltr'><strong>et</strong></span> <span class='ocrx_word' id='word_1_61' title='bbox 439 591 488 622; x_wconf 91' lang='lat' dir='ltr'><strong>sic</strong></span> <span class='ocrx_word' id='word_1_62' title='bbox 513 589 680 622; x_wconf 84' lang='lat' dir='ltr'><strong>concessit</strong></span> <span class='ocrx_word' id='word_1_63' title='bbox 704 589 761 625; x_wconf 83' lang='lat' dir='ltr'><strong>eis,</strong></span> <span class='ocrx_word' id='word_1_64' title='bbox 786 587 879 619; x_wconf 88' lang='lat' dir='ltr'><strong>salvo</strong></span> <span class='ocrx_word' id='word_1_65' title='bbox 904 587 996 629; x_wconf 89' lang='lat' dir='ltr'><strong>quod</strong></span> <span class='ocrx_word' id='word_1_66' title='bbox 1012 587 1039 617; x_wconf 90' lang='lat' dir='ltr'><strong>si</strong></span> <span class='ocrx_word' id='word_1_67' title='bbox 1057 586 1162 628; x_wconf 83' lang='lat' dir='ltr'>aliqui</span> <span class='ocrx_word' id='word_1_68' title='bbox 1185 585 1369 626; x_wconf 70' lang='lat' dir='ltr'><strong>exbapnifi,</strong></span> <span class='ocrx_word' id='word_1_69' title='bbox 1393 595 1453 616; x_wconf 89' lang='lat' dir='ltr'><strong>seu</strong></span> <span class='ocrx_word' id='word_1_70' title='bbox 1477 585 1623 617; x_wconf 84' lang='lat' dir='ltr'><strong>rebelles</strong></span> <span class='ocrx_word' id='word_1_71' title='bbox 1639 585 1807 617; x_wconf 91' lang='lat' dir='ltr'><strong>dictorum</strong></span> <span class='ocrx_word' id='word_1_72' title='bbox 1823 585 2034 617; x_wconf 88' lang='lat' dir='ltr'><strong>dominorum</strong></span> <span class='ocrx_word' id='word_1_73' title='bbox 2051 592 2161 618; x_wconf 80' lang='lat' dir='ltr'><strong>essent</strong></span> <span class='ocrx_word' id='word_1_74' title='bbox 2177 587 2212 617; x_wconf 90' lang='lat' dir='ltr'><strong>in</strong></span> <span class='ocrx_word' id='word_1_75' title='bbox 2260 586 2276 617; x_wconf 90' lang='lat'><strong>5</strong></span> 
     </span>
     <span class='ocr_line' id='line_1_8' title="bbox 380 637 2212 684; baseline -0.002 -10"><span class='ocrx_word' id='word_1_76' title='bbox 380 650 471 675; x_wconf 86' lang='lat' dir='ltr'><strong>terra</strong></span> <span class='ocrx_word' id='word_1_77' title='bbox 500 642 662 684; x_wconf 85' lang='lat' dir='ltr'><strong>Argente‚</strong></span> <span class='ocrx_word' id='word_1_78' title='bbox 694 641 766 682; x_wconf 90' lang='lat' dir='ltr'><strong>ipse</strong></span> <span class='ocrx_word' id='word_1_79' title='bbox 798 640 954 671; x_wconf 88' lang='lat' dir='ltr'><strong>dominus</strong></span> <span class='ocrx_word' id='word_1_80' title='bbox 985 638 1143 671; x_wconf 88' lang='lat' dir='ltr'><strong>Marchio</strong></span> <span class='ocrx_word' id='word_1_81' title='bbox 1175 638 1313 670; x_wconf 88' lang='lat' dir='ltr'><strong>volebat</strong></span> <span class='ocrx_word' id='word_1_82' title='bbox 1336 638 1428 678; x_wconf 88' lang='lat' dir='ltr'><strong>ipsos</strong></span> <span class='ocrx_word' id='word_1_83' title='bbox 1451 637 1486 669; x_wconf 88' lang='lat' dir='ltr'><strong>in</strong></span> <span class='ocrx_word' id='word_1_84' title='bbox 1508 648 1568 669; x_wconf 89' lang='lat' dir='ltr'><strong>sua</strong></span> <span class='ocrx_word' id='word_1_85' title='bbox 1597 643 1777 679; x_wconf 84' lang='lat' dir='ltr'><strong>potestate,</strong></span> <span class='ocrx_word' id='word_1_86' title='bbox 1806 643 1839 669; x_wconf 90' lang='lat' dir='ltr'><strong>et</strong></span> <span class='ocrx_word' id='word_1_87' title='bbox 1863 638 1955 679; x_wconf 93' lang='lat' dir='ltr'><strong>quod</strong></span> <span class='ocrx_word' id='word_1_88' title='bbox 1978 648 2020 669; x_wconf 90' lang='lat' dir='ltr'><strong>ex</strong></span> <span class='ocrx_word' id='word_1_89' title='bbox 2042 639 2120 677; x_wconf 91' lang='lat' dir='ltr'><strong>hoc,</strong></span> <span class='ocrx_word' id='word_1_90' title='bbox 2144 649 2212 670; x_wconf 92' lang='lat' dir='ltr'><strong>non</strong></span> 
     </span>
     <span class='ocr_line' id='line_1_9' title="bbox 379 689 2212 737; baseline -0.002 -11"><span class='ocrx_word' id='word_1_91' title='bbox 379 694 586 737; x_wconf 85' lang='lat' dir='ltr'><strong>intelligatur</strong></span> <span class='ocrx_word' id='word_1_92' title='bbox 609 705 676 735; x_wconf 73' lang='lat' dir='ltr'><strong>pax</strong></span> <span class='ocrx_word' id='word_1_93' title='bbox 704 694 829 730; x_wconf 79' lang='lat' dir='ltr'><strong>fracta;</strong></span> <span class='ocrx_word' id='word_1_94' title='bbox 855 698 889 723; x_wconf 88' lang='lat' dir='ltr'><strong>et</strong></span> <span class='ocrx_word' id='word_1_95' title='bbox 912 692 961 723; x_wconf 90' lang='lat' dir='ltr'><strong>sic</strong></span> <span class='ocrx_word' id='word_1_96' title='bbox 986 691 1240 723; x_wconf 88' lang='lat' dir='ltr'><strong>consentierunt</strong></span> <span class='ocrx_word' id='word_1_97' title='bbox 1263 690 1416 722; x_wconf 89' lang='lat' dir='ltr'><strong>homines</strong></span> <span class='ocrx_word' id='word_1_98' title='bbox 1439 689 1603 732; x_wconf 84' lang='lat' dir='ltr'><strong>Argente.</strong></span> <span class='ocrx_word' id='word_1_99' title='bbox 1650 690 1750 721; x_wconf 91' lang='lat' dir='ltr'><strong>Tunc</strong></span> <span class='ocrx_word' id='word_1_100' title='bbox 1774 689 1929 722; x_wconf 89' lang='lat' dir='ltr'><strong>dominus</strong></span> <span class='ocrx_word' id='word_1_101' title='bbox 1953 689 2110 722; x_wconf 88' lang='lat' dir='ltr'><strong>Marchio</strong></span> <span class='ocrx_word' id='word_1_102' title='bbox 2135 701 2212 722; x_wconf 91' lang='lat' dir='ltr'><strong>cum</strong></span> 
     </span>
     <span class='ocr_line' id='line_1_10' title="bbox 381 742 2210 786; baseline -0.002 -7"><span class='ocrx_word' id='word_1_103' title='bbox 381 748 447 780; x_wconf 89' lang='lat' dir='ltr'><strong>suis</strong></span> <span class='ocrx_word' id='word_1_104' title='bbox 462 747 622 779; x_wconf 86' lang='lat' dir='ltr'><strong>militibus</strong></span> <span class='ocrx_word' id='word_1_105' title='bbox 639 746 773 777; x_wconf 88' lang='lat' dir='ltr'><strong>armatis</strong></span> <span class='ocrx_word' id='word_1_106' title='bbox 791 744 956 783; x_wconf 86' lang='lat' dir='ltr'><strong>omnibus,</strong></span> <span class='ocrx_word' id='word_1_107' title='bbox 981 749 1124 786; x_wconf 80' lang='lat' dir='ltr'><strong>excepto</strong></span> <span class='ocrx_word' id='word_1_108' title='bbox 1149 743 1287 775; x_wconf 84' lang='lat' dir='ltr'><strong>domino</strong></span> <span class='ocrx_word' id='word_1_109' title='bbox 1304 743 1376 775; x_wconf 87' lang='lat' dir='ltr'><strong>solo</strong></span> <span class='ocrx_word' id='word_1_110' title='bbox 1392 743 1606 781; x_wconf 83' lang='lat' dir='ltr'><strong>Marchione‚</strong></span> <span class='ocrx_word' id='word_1_111' title='bbox 1623 742 1759 774; x_wconf 90' lang='lat' dir='ltr'><strong>iverunt</strong></span> <span class='ocrx_word' id='word_1_112' title='bbox 1775 749 1854 775; x_wconf 84' lang='lat' dir='ltr'><strong>ante</strong></span> <span class='ocrx_word' id='word_1_113' title='bbox 1871 749 2014 784; x_wconf 90' lang='lat' dir='ltr'><strong>portam,</strong></span> <span class='ocrx_word' id='word_1_114' title='bbox 2031 753 2094 784; x_wconf 91' lang='lat' dir='ltr'><strong>per</strong></span> <span class='ocrx_word' id='word_1_115' title='bbox 2110 754 2210 786; x_wconf 88' lang='lat' dir='ltr'><strong>quam</strong></span> 
     </span>
     <span class='ocr_line' id='line_1_11' title="bbox 380 796 2210 837; baseline -0.002 -6"><span class='ocrx_word' id='word_1_116' title='bbox 380 800 523 832; x_wconf 89' lang='lat' dir='ltr'><strong>transire</strong></span> <span class='ocrx_word' id='word_1_117' title='bbox 540 799 709 831; x_wconf 91' lang='lat' dir='ltr'><strong>debebant</strong></span> <span class='ocrx_word' id='word_1_118' title='bbox 726 808 842 829; x_wconf 90' lang='lat' dir='ltr'><strong>omnes</strong></span> <span class='ocrx_word' id='word_1_119' title='bbox 866 803 974 833; x_wconf 81' lang='lat' dir='ltr'><strong>terre3</strong></span> <span class='ocrx_word' id='word_1_120' title='bbox 1000 803 1032 828; x_wconf 91' lang='lat' dir='ltr'><strong>et</strong></span> <span class='ocrx_word' id='word_1_121' title='bbox 1055 796 1104 828; x_wconf 90' lang='lat' dir='ltr'><strong>sic</strong></span> <span class='ocrx_word' id='word_1_122' title='bbox 1128 796 1291 837; x_wconf 87' lang='lat' dir='ltr'><strong>paulatim</strong></span> <span class='ocrx_word' id='word_1_123' title='bbox 1316 802 1481 837; x_wconf 86' lang='lat' dir='ltr'><strong>ceperunt</strong></span> <span class='ocrx_word' id='word_1_124' title='bbox 1504 802 1598 827; x_wconf 84' lang='lat' dir='ltr'><strong>extra</strong></span> <span class='ocrx_word' id='word_1_125' title='bbox 1621 796 1714 827; x_wconf 78' lang='lat' dir='ltr'><strong>exire</strong></span> <span class='ocrx_word' id='word_1_126' title='bbox 1739 796 1909 827; x_wconf 82' lang='lat' dir='ltr'><strong>civitatem</strong></span> <span class='ocrx_word' id='word_1_127' title='bbox 1927 805 2003 827; x_wconf 91' lang='lat' dir='ltr'><strong>cum</strong></span> <span class='ocrx_word' id='word_1_128' title='bbox 2020 797 2088 828; x_wconf 88' lang='lat' dir='ltr'><strong>suis</strong></span> <span class='ocrx_word' id='word_1_129' title='bbox 2111 807 2210 829; x_wconf 87' lang='lat' dir='ltr'><strong>arne-</strong></span> 
     </span>
     <span class='ocr_line' id='line_1_12' title="bbox 377 847 2278 894; baseline -0.002 -10"><span class='ocrx_word' id='word_1_130' title='bbox 377 853 449 890; x_wconf 68' lang='lat' dir='ltr'><strong>xus,</strong></span> <span class='ocrx_word' id='word_1_131' title='bbox 474 853 561 884; x_wconf 89' lang='lat' dir='ltr'><strong>inter</strong></span> <span class='ocrx_word' id='word_1_132' title='bbox 584 862 668 894; x_wconf 88' lang='lat' dir='ltr'><strong>quos</strong></span> <span class='ocrx_word' id='word_1_133' title='bbox 684 851 826 882; x_wconf 88' lang='lat' dir='ltr'><strong>veniens</strong></span> <span class='ocrx_word' id='word_1_134' title='bbox 849 850 955 881; x_wconf 76' lang='lat' dir='ltr'><strong>frater</strong></span> <span class='ocrx_word' id='word_1_135' title='bbox 977 849 1162 892; x_wconf 87' lang='lat' dir='ltr'><strong>Jacobinus</strong></span> <span class='ocrx_word' id='word_1_136' title='bbox 1187 849 1229 880; x_wconf 91' lang='lat' dir='ltr'><strong>de</strong></span> <span class='ocrx_word' id='word_1_137' title='bbox 1253 853 1371 880; x_wconf 88' lang='lat' dir='ltr'><strong>sancta</strong></span> <span class='ocrx_word' id='word_1_138' title='bbox 1393 847 1559 880; x_wconf 88' lang='lat' dir='ltr'><strong>Katerina</strong></span> <span class='ocrx_word' id='word_1_139' title='bbox 1581 847 1625 880; x_wconf 89' lang='lat' dir='ltr'><strong>de</strong></span> <span class='ocrx_word' id='word_1_140' title='bbox 1650 848 1817 887; x_wconf 88' lang='lat' dir='ltr'><strong>Ferraria,</strong></span> <span class='ocrx_word' id='word_1_141' title='bbox 1842 848 1997 880; x_wconf 86' lang='lat' dir='ltr'><strong>inimicus</strong></span> <span class='ocrx_word' id='word_1_142' title='bbox 2020 854 2054 880; x_wconf 88' lang='lat' dir='ltr'><strong>et</strong></span> <span class='ocrx_word' id='word_1_143' title='bbox 2076 848 2214 880; x_wconf 90' lang='lat' dir='ltr'><strong>rebellis</strong></span> <span class='ocrx_word' id='word_1_144' title='bbox 2240 850 2278 880; x_wconf 94' lang='lat'><strong>10</strong></span> 
     </span>
     <span class='ocr_line' id='line_1_13' title="bbox 379 899 2214 943; baseline -0.003 -6"><span class='ocrx_word' id='word_1_145' title='bbox 379 904 590 937; x_wconf 88' lang='lat' dir='ltr'><strong>dominorum</strong></span> <span class='ocrx_word' id='word_1_146' title='bbox 613 903 864 941; x_wconf 86' lang='lat' dir='ltr'><strong>Marchionum,</strong></span> <span class='ocrx_word' id='word_1_147' title='bbox 888 908 1008 943; x_wconf 84' lang='lat' dir='ltr'><strong>captus</strong></span> <span class='ocrx_word' id='word_1_148' title='bbox 1032 908 1101 939; x_wconf 81' lang='lat' dir='ltr'><strong>est3</strong></span> <span class='ocrx_word' id='word_1_149' title='bbox 1127 907 1160 933; x_wconf 91' lang='lat' dir='ltr'><strong>et</strong></span> <span class='ocrx_word' id='word_1_150' title='bbox 1183 902 1341 933; x_wconf 74' lang='lat' dir='ltr'><strong>fecerunt</strong></span> <span class='ocrx_word' id='word_1_151' title='bbox 1357 901 1466 942; x_wconf 88' lang='lat' dir='ltr'><strong>ipsum</strong></span> <span class='ocrx_word' id='word_1_152' title='bbox 1483 899 1689 943; x_wconf 89' lang='lat' dir='ltr'><strong>detraynari‚</strong></span> <span class='ocrx_word' id='word_1_153' title='bbox 1707 906 1741 932; x_wconf 87' lang='lat' dir='ltr'><strong>et</strong></span> <span class='ocrx_word' id='word_1_154' title='bbox 1758 900 1930 939; x_wconf 84' lang='lat' dir='ltr'><strong>conburri,</strong></span> <span class='ocrx_word' id='word_1_155' title='bbox 1954 906 1988 932; x_wconf 91' lang='lat' dir='ltr'><strong>et</strong></span> <span class='ocrx_word' id='word_1_156' title='bbox 2011 901 2135 932; x_wconf 90' lang='lat' dir='ltr'><strong>deinde</strong></span> <span class='ocrx_word' id='word_1_157' title='bbox 2159 912 2214 933; x_wconf 91' lang='lat' dir='ltr'><strong>su-</strong></span> 
     </span>
     <span class='ocr_line' id='line_1_14' title="bbox 381 953 2212 999; baseline -0.002 -10"><span class='ocrx_word' id='word_1_158' title='bbox 381 958 501 999; x_wconf 89' lang='lat' dir='ltr'><strong>spendi</strong></span> <span class='ocrx_word' id='word_1_159' title='bbox 533 958 576 988; x_wconf 87' lang='lat' dir='ltr'><strong>ad</strong></span> <span class='ocrx_word' id='word_1_160' title='bbox 606 957 730 989; x_wconf 79' lang='lat' dir='ltr'><strong>furcas.</strong></span> <span class='ocrx_word' id='word_1_161' title='bbox 777 955 859 987; x_wconf 90' lang='lat' dir='ltr'><strong>Post</strong></span> <span class='ocrx_word' id='word_1_162' title='bbox 882 955 946 987; x_wconf 89' lang='lat' dir='ltr'><strong>hec</strong></span> <span class='ocrx_word' id='word_1_163' title='bbox 977 954 1136 986; x_wconf 87' lang='lat' dir='ltr'><strong>Marchio</strong></span> <span class='ocrx_word' id='word_1_164' title='bbox 1160 953 1298 985; x_wconf 88' lang='lat' dir='ltr'><strong>intravit</strong></span> <span class='ocrx_word' id='word_1_165' title='bbox 1321 953 1492 985; x_wconf 78' lang='lat' dir='ltr'><strong>civitatem</strong></span> <span class='ocrx_word' id='word_1_166' title='bbox 1516 953 1667 995; x_wconf 85' lang='lat' dir='ltr'><strong>Argente</strong></span> <span class='ocrx_word' id='word_1_167' title='bbox 1691 954 1846 995; x_wconf 85' lang='lat' dir='ltr'><strong>pacifice,</strong></span> <span class='ocrx_word' id='word_1_168' title='bbox 1871 959 1905 985; x_wconf 90' lang='lat' dir='ltr'><strong>et</strong></span> <span class='ocrx_word' id='word_1_169' title='bbox 1927 953 2062 985; x_wconf 82' lang='lat' dir='ltr'><strong>reduxit</strong></span> <span class='ocrx_word' id='word_1_170' title='bbox 2085 954 2212 985; x_wconf 92' lang='lat' dir='ltr'><strong>dictam</strong></span> 
     </span>
     <span class='ocr_line' id='line_1_15' title="bbox 378 1006 1433 1050; baseline -0.005 -8"><span class='ocrx_word' id='word_1_171' title='bbox 378 1017 500 1042; x_wconf 83' lang='lat' dir='ltr'><strong>terram</strong></span> <span class='ocrx_word' id='word_1_172' title='bbox 524 1010 558 1041; x_wconf 91' lang='lat' dir='ltr'><strong>in</strong></span> <span class='ocrx_word' id='word_1_173' title='bbox 582 1010 672 1042; x_wconf 90' lang='lat' dir='ltr'><strong>bono</strong></span> <span class='ocrx_word' id='word_1_174' title='bbox 697 1014 795 1046; x_wconf 90' lang='lat' dir='ltr'><strong>statu,</strong></span> <span class='ocrx_word' id='word_1_175' title='bbox 813 1013 933 1050; x_wconf 90' lang='lat' dir='ltr'><strong>postea</strong></span> <span class='ocrx_word' id='word_1_176' title='bbox 957 1007 1129 1039; x_wconf 85' lang='lat' dir='ltr'><strong>redierunt</strong></span> <span class='ocrx_word' id='word_1_177' title='bbox 1153 1006 1345 1038; x_wconf 87' lang='lat' dir='ltr'><strong>Ferrariam</strong></span> <span class='ocrx_word' id='word_1_178' title='bbox 1369 1012 1433 1038; x_wconf 92' lang='lat' dir='ltr'><strong>etc.</strong></span> 
     </span>
    </p>

    <p class='ocr_par' dir='ltr' id='par_1_4' title="bbox 464 1059 2211 1102">
     <span class='ocr_line' id='line_1_16' title="bbox 464 1059 2211 1102; baseline -0.002 -7"><span class='ocrx_word' id='word_1_179' title='bbox 464 1064 596 1095; x_wconf 90' lang='lat' dir='ltr'><strong>Eodem</strong></span> <span class='ocrx_word' id='word_1_180' title='bbox 612 1063 791 1094; x_wconf 88' lang='lat' dir='ltr'><strong>millesimo</strong></span> <span class='ocrx_word' id='word_1_181' title='bbox 809 1061 864 1094; x_wconf 91' lang='lat' dir='ltr'><strong>die</strong></span> <span class='ocrx_word' id='word_1_182' title='bbox 881 1070 948 1092; x_wconf 87' lang='lat' dir='ltr'>V111</span> <span class='ocrx_word' id='word_1_183' title='bbox 966 1061 1090 1092; x_wconf 84' lang='lat' dir='ltr'><strong>mensis</strong></span> <span class='ocrx_word' id='word_1_184' title='bbox 1106 1059 1216 1092; x_wconf 87' lang='lat' dir='ltr'><strong>martii</strong></span> <span class='ocrx_word' id='word_1_185' title='bbox 1233 1060 1387 1091; x_wconf 83' lang='lat' dir='ltr'><strong>restituta</strong></span> <span class='ocrx_word' id='word_1_186' title='bbox 1399 1059 1465 1090; x_wconf 76' lang='lat' dir='ltr'><strong>fuit</strong></span> <span class='ocrx_word' id='word_1_187' title='bbox 1478 1059 1601 1091; x_wconf 87' lang='lat' dir='ltr'><strong>civitas</strong></span> <span class='ocrx_word' id='word_1_188' title='bbox 1612 1059 1767 1102; x_wconf 83' lang='lat' dir='ltr'><strong>Argente</strong></span> <span class='ocrx_word' id='word_1_189' title='bbox 1781 1059 1925 1091; x_wconf 89' lang='lat' dir='ltr'><strong>dominis</strong></span> <span class='ocrx_word' id='word_1_190' title='bbox 1940 1059 2211 1092; x_wconf 88' lang='lat' dir='ltr'><strong>Marchionibus.</strong></span> 
     </span>
    </p>

    <p class='ocr_par' dir='ltr' id='par_1_5' title="bbox 374 1112 2280 2318">
     <span class='ocr_line' id='line_1_17' title="bbox 466 1112 2275 1155; baseline -0.003 -7"><span class='ocrx_word' id='word_1_191' title='bbox 466 1117 597 1148; x_wconf 91' lang='lat' dir='ltr'><strong>Eodem</strong></span> <span class='ocrx_word' id='word_1_192' title='bbox 620 1115 798 1147; x_wconf 91' lang='lat' dir='ltr'><strong>millesimo</strong></span> <span class='ocrx_word' id='word_1_193' title='bbox 823 1121 856 1146; x_wconf 89' lang='lat' dir='ltr'><strong>et</strong></span> <span class='ocrx_word' id='word_1_194' title='bbox 879 1124 994 1146; x_wconf 89' lang='lat' dir='ltr'><strong>mense</strong></span> <span class='ocrx_word' id='word_1_195' title='bbox 1017 1113 1138 1144; x_wconf 89' lang='lat' dir='ltr'><strong>martii.</strong></span> <span class='ocrx_word' id='word_1_196' title='bbox 1186 1113 1316 1145; x_wconf 88' lang='lat' dir='ltr'><strong>Gentes</strong></span> <span class='ocrx_word' id='word_1_197' title='bbox 1340 1112 1462 1154; x_wconf 88' lang='lat' dir='ltr'><strong>perfidi</strong></span> <span class='ocrx_word' id='word_1_198' title='bbox 1484 1112 1597 1155; x_wconf 86' lang='lat' dir='ltr'><strong>Ligati</strong></span> <span class='ocrx_word' id='word_1_199' title='bbox 1617 1112 1660 1143; x_wconf 92' lang='lat' dir='ltr'><strong>de</strong></span> <span class='ocrx_word' id='word_1_200' title='bbox 1677 1112 1830 1144; x_wconf 88' lang='lat' dir='ltr'><strong>Bononia</strong></span> <span class='ocrx_word' id='word_1_201' title='bbox 1846 1113 1881 1143; x_wconf 91' lang='lat' dir='ltr'><strong>in</strong></span> <span class='ocrx_word' id='word_1_202' title='bbox 1898 1112 2044 1144; x_wconf 83' lang='lat' dir='ltr'><strong>maximo</strong></span> <span class='ocrx_word' id='word_1_203' title='bbox 2061 1113 2212 1145; x_wconf 88' lang='lat' dir='ltr'><strong>exercitu</strong></span> <span class='ocrx_word' id='word_1_204' title='bbox 2240 1113 2275 1144; x_wconf 87' lang='lat'><strong>15</strong></span> 
     </span>
     <span class='ocr_line' id='line_1_18' title="bbox 377 1164 2214 1207; baseline -0.003 -6"><span class='ocrx_word' id='word_1_205' title='bbox 377 1175 542 1201; x_wconf 89' lang='lat' dir='ltr'><strong>venerunt</strong></span> <span class='ocrx_word' id='word_1_206' title='bbox 565 1168 682 1200; x_wconf 88' lang='lat' dir='ltr'><strong>turrim</strong></span> <span class='ocrx_word' id='word_1_207' title='bbox 706 1168 908 1199; x_wconf 89' lang='lat' dir='ltr'><strong>Portunarie</strong></span> <span class='ocrx_word' id='word_1_208' title='bbox 933 1166 1105 1198; x_wconf 89' lang='lat' dir='ltr'><strong>districtus</strong></span> <span class='ocrx_word' id='word_1_209' title='bbox 1129 1164 1297 1203; x_wconf 87' lang='lat' dir='ltr'><strong>Ferrarie,</strong></span> <span class='ocrx_word' id='word_1_210' title='bbox 1330 1165 1442 1207; x_wconf 86' lang='lat' dir='ltr'><strong>ibique</strong></span> <span class='ocrx_word' id='word_1_211' title='bbox 1470 1165 1742 1196; x_wconf 88' lang='lat' dir='ltr'><strong>hedificaverunt</strong></span> <span class='ocrx_word' id='word_1_212' title='bbox 1772 1165 1952 1207; x_wconf 87' lang='lat' dir='ltr'><strong>quamdam</strong></span> <span class='ocrx_word' id='word_1_213' title='bbox 1980 1164 2148 1197; x_wconf 85' lang='lat' dir='ltr'><strong>bastiliam</strong></span> <span class='ocrx_word' id='word_1_214' title='bbox 2177 1165 2214 1196; x_wconf 90' lang='lat' dir='ltr'><strong>in</strong></span> 
     </span>
     <span class='ocr_line' id='line_1_19' title="bbox 377 1218 2213 1264; baseline -0.002 -10"><span class='ocrx_word' id='word_1_215' title='bbox 377 1223 453 1254; x_wconf 90' lang='lat' dir='ltr'><strong>loco</strong></span> <span class='ocrx_word' id='word_1_216' title='bbox 478 1228 566 1254; x_wconf 88' lang='lat' dir='ltr'><strong>terre</strong></span> <span class='ocrx_word' id='word_1_217' title='bbox 589 1221 761 1264; x_wconf 77' lang='lat' dir='ltr'><strong>Argente;</strong></span> <span class='ocrx_word' id='word_1_218' title='bbox 787 1229 892 1263; x_wconf 86' lang='lat' dir='ltr'><strong>quare</strong></span> <span class='ocrx_word' id='word_1_219' title='bbox 917 1219 1072 1251; x_wconf 90' lang='lat' dir='ltr'><strong>dominus</strong></span> <span class='ocrx_word' id='word_1_220' title='bbox 1095 1218 1254 1250; x_wconf 86' lang='lat' dir='ltr'><strong>Marchio</strong></span> <span class='ocrx_word' id='word_1_221' title='bbox 1278 1224 1359 1250; x_wconf 90' lang='lat' dir='ltr'><strong>tunc</strong></span> <span class='ocrx_word' id='word_1_222' title='bbox 1382 1218 1512 1259; x_wconf 89' lang='lat' dir='ltr'><strong>incepit</strong></span> <span class='ocrx_word' id='word_1_223' title='bbox 1535 1218 1708 1261; x_wconf 90' lang='lat' dir='ltr'><strong>quoddam</strong></span> <span class='ocrx_word' id='word_1_224' title='bbox 1739 1223 1918 1250; x_wconf 89' lang='lat' dir='ltr'><strong>tractatum</strong></span> <span class='ocrx_word' id='word_1_225' title='bbox 1943 1228 2019 1249; x_wconf 91' lang='lat' dir='ltr'><strong>cum</strong></span> <span class='ocrx_word' id='word_1_226' title='bbox 2042 1218 2213 1261; x_wconf 85' lang='lat' dir='ltr'><strong>aliquibus</strong></span> 
     </span>
     <span class='ocr_line' id='line_1_20' title="bbox 376 1270 2215 1314; baseline -0.002 -7"><span class='ocrx_word' id='word_1_227' title='bbox 376 1275 545 1307; x_wconf 86' lang='lat' dir='ltr'><strong>nobilibus</strong></span> <span class='ocrx_word' id='word_1_228' title='bbox 569 1274 716 1306; x_wconf 86' lang='lat' dir='ltr'><strong>civitatis</strong></span> <span class='ocrx_word' id='word_1_229' title='bbox 739 1273 894 1305; x_wconf 88' lang='lat' dir='ltr'><strong>Bononie</strong></span> <span class='ocrx_word' id='word_1_230' title='bbox 919 1272 979 1304; x_wconf 88' lang='lat' dir='ltr'><strong>tali</strong></span> <span class='ocrx_word' id='word_1_231' title='bbox 1003 1273 1125 1310; x_wconf 75' lang='lat' dir='ltr'><strong>forma,</strong></span> <span class='ocrx_word' id='word_1_232' title='bbox 1149 1271 1241 1314; x_wconf 91' lang='lat' dir='ltr'><strong>quod</strong></span> <span class='ocrx_word' id='word_1_233' title='bbox 1266 1271 1395 1302; x_wconf 89' lang='lat' dir='ltr'><strong>domini</strong></span> <span class='ocrx_word' id='word_1_234' title='bbox 1418 1270 1639 1302; x_wconf 86' lang='lat' dir='ltr'><strong>Marchiones</strong></span> <span class='ocrx_word' id='word_1_235' title='bbox 1662 1271 1825 1302; x_wconf 88' lang='lat' dir='ltr'><strong>miserunt</strong></span> <span class='ocrx_word' id='word_1_236' title='bbox 1839 1276 1960 1313; x_wconf 86' lang='lat' dir='ltr'><strong>gentes</strong></span> <span class='ocrx_word' id='word_1_237' title='bbox 1984 1276 2156 1313; x_wconf 88' lang='lat' dir='ltr'><strong>equestres</strong></span> <span class='ocrx_word' id='word_1_238' title='bbox 2181 1277 2215 1303; x_wconf 88' lang='lat' dir='ltr'><strong>et</strong></span> 
     </span>
     <span class='ocr_line' id='line_1_21' title="bbox 379 1323 2216 1369; baseline -0.003 -9"><span class='ocrx_word' id='word_1_239' title='bbox 379 1328 513 1369; x_wconf 91' lang='lat' dir='ltr'><strong>pedites</strong></span> <span class='ocrx_word' id='word_1_240' title='bbox 535 1337 637 1369; x_wconf 89' lang='lat' dir='ltr'><strong>super</strong></span> <span class='ocrx_word' id='word_1_241' title='bbox 661 1326 856 1358; x_wconf 89' lang='lat' dir='ltr'><strong>comitatum</strong></span> <span class='ocrx_word' id='word_1_242' title='bbox 880 1325 1033 1357; x_wconf 90' lang='lat' dir='ltr'><strong>Bononie</strong></span> <span class='ocrx_word' id='word_1_243' title='bbox 1058 1335 1078 1356; x_wconf 89' lang='lat' dir='ltr'><strong>a</strong></span> <span class='ocrx_word' id='word_1_244' title='bbox 1100 1325 1207 1356; x_wconf 88' lang='lat' dir='ltr'><strong>latere</strong></span> <span class='ocrx_word' id='word_1_245' title='bbox 1231 1324 1331 1356; x_wconf 91' lang='lat' dir='ltr'><strong>Centi</strong></span> <span class='ocrx_word' id='word_1_246' title='bbox 1346 1325 1367 1362; x_wconf 85' lang='lat'><strong>¹,</strong></span> <span class='ocrx_word' id='word_1_247' title='bbox 1392 1324 1425 1354; x_wconf 90' lang='lat' dir='ltr'><strong>in</strong></span> <span class='ocrx_word' id='word_1_248' title='bbox 1443 1334 1509 1366; x_wconf 91' lang='lat' dir='ltr'><strong>quo</strong></span> <span class='ocrx_word' id='word_1_249' title='bbox 1527 1323 1602 1355; x_wconf 89' lang='lat' dir='ltr'><strong>loco</strong></span> <span class='ocrx_word' id='word_1_250' title='bbox 1620 1324 1779 1355; x_wconf 68' lang='lat' dir='ltr'><strong>iecerunt</strong></span> <span class='ocrx_word' id='word_1_251' title='bbox 1794 1323 1975 1355; x_wconf 81' lang='lat' dir='ltr'><strong>maximum</strong></span> <span class='ocrx_word' id='word_1_252' title='bbox 1993 1324 2164 1363; x_wconf 88' lang='lat' dir='ltr'><strong>damnum,</strong></span> <span class='ocrx_word' id='word_1_253' title='bbox 2182 1330 2216 1355; x_wconf 92' lang='lat' dir='ltr'><strong>et</strong></span> 
     </span>
     <span class='ocr_line' id='line_1_22' title="bbox 376 1376 2278 1420; baseline -0.003 -7"><span class='ocrx_word' id='word_1_254' title='bbox 376 1381 577 1413; x_wconf 86' lang='lat' dir='ltr'><strong>occiderunt</strong></span> <span class='ocrx_word' id='word_1_255' title='bbox 600 1379 721 1411; x_wconf 88' lang='lat' dir='ltr'><strong>multos</strong></span> <span class='ocrx_word' id='word_1_256' title='bbox 744 1379 907 1416; x_wconf 89' lang='lat' dir='ltr'><strong>homines,</strong></span> <span class='ocrx_word' id='word_1_257' title='bbox 932 1388 1066 1420; x_wconf 90' lang='lat' dir='ltr'><strong>pueros,</strong></span> <span class='ocrx_word' id='word_1_258' title='bbox 1092 1383 1125 1409; x_wconf 91' lang='lat' dir='ltr'><strong>et</strong></span> <span class='ocrx_word' id='word_1_259' title='bbox 1148 1382 1314 1419; x_wconf 89' lang='lat' dir='ltr'><strong>ceperunt</strong></span> <span class='ocrx_word' id='word_1_260' title='bbox 1338 1377 1516 1407; x_wconf 67' lang='lat' dir='ltr'><strong>maximam</strong></span> <span class='ocrx_word' id='word_1_261' title='bbox 1541 1377 1761 1418; x_wconf 87' lang='lat' dir='ltr'><strong>quantitatem</strong></span> <span class='ocrx_word' id='word_1_262' title='bbox 1785 1376 1978 1408; x_wconf 84' lang='lat' dir='ltr'><strong>bestiarum.</strong></span> <span class='ocrx_word' id='word_1_263' title='bbox 2025 1377 2126 1408; x_wconf 90' lang='lat' dir='ltr'><strong>Tunc</strong></span> <span class='ocrx_word' id='word_1_264' title='bbox 2149 1387 2210 1408; x_wconf 90' lang='lat' dir='ltr'><strong>no-</strong></span> <span class='ocrx_word' id='word_1_265' title='bbox 2236 1378 2278 1408; x_wconf 88' lang='lat'><strong>20</strong></span> 
     </span>
     <span class='ocr_line' id='line_1_23' title="bbox 377 1429 2215 1475; baseline -0.002 -10"><span class='ocrx_word' id='word_1_266' title='bbox 377 1434 463 1466; x_wconf 88' lang='lat' dir='ltr'><strong>biles</strong></span> <span class='ocrx_word' id='word_1_267' title='bbox 485 1433 650 1472; x_wconf 88' lang='lat' dir='ltr'><strong>Bononie,</strong></span> <span class='ocrx_word' id='word_1_268' title='bbox 665 1433 721 1475; x_wconf 94' lang='lat' dir='ltr'><strong>qui</strong></span> <span class='ocrx_word' id='word_1_269' title='bbox 747 1430 1005 1464; x_wconf 86' lang='lat' dir='ltr'><strong>consentiebant</strong></span> <span class='ocrx_word' id='word_1_270' title='bbox 1028 1431 1184 1462; x_wconf 85' lang='lat' dir='ltr'><strong>tractatui</strong></span> <span class='ocrx_word' id='word_1_271' title='bbox 1203 1441 1280 1462; x_wconf 89' lang='lat' dir='ltr'><strong>cum</strong></span> <span class='ocrx_word' id='word_1_272' title='bbox 1297 1430 1434 1462; x_wconf 90' lang='lat' dir='ltr'><strong>domino</strong></span> <span class='ocrx_word' id='word_1_273' title='bbox 1459 1429 1673 1467; x_wconf 87' lang='lat' dir='ltr'><strong>Marchione,</strong></span> <span class='ocrx_word' id='word_1_274' title='bbox 1697 1429 1830 1462; x_wconf 91' lang='lat' dir='ltr'><strong>iverunt</strong></span> <span class='ocrx_word' id='word_1_275' title='bbox 1846 1430 1890 1461; x_wconf 88' lang='lat' dir='ltr'><strong>ad</strong></span> <span class='ocrx_word' id='word_1_276' title='bbox 1906 1430 2079 1462; x_wconf 90' lang='lat' dir='ltr'><strong>dominum</strong></span> <span class='ocrx_word' id='word_1_277' title='bbox 2102 1430 2215 1473; x_wconf 87' lang='lat' dir='ltr'><strong>Lega-</strong></span> 
     </span>
     <span class='ocr_line' id='line_1_24' title="bbox 377 1482 2216 1524; baseline -0.003 -6"><span class='ocrx_word' id='word_1_278' title='bbox 377 1492 447 1518; x_wconf 90' lang='lat' dir='ltr'><strong>tum</strong></span> <span class='ocrx_word' id='word_1_279' title='bbox 473 1486 656 1518; x_wconf 82' lang='lat' dir='ltr'><strong>clamantes</strong></span> <span class='ocrx_word' id='word_1_280' title='bbox 680 1485 756 1516; x_wconf 83' lang='lat' dir='ltr'><strong>altis</strong></span> <span class='ocrx_word' id='word_1_281' title='bbox 779 1484 939 1516; x_wconf 88' lang='lat' dir='ltr'><strong>vocibus:</strong></span> <span class='ocrx_word' id='word_1_282' title='bbox 964 1483 1118 1524; x_wconf 77' lang='lat' dir='ltr'><strong>Domine,</strong></span> <span class='ocrx_word' id='word_1_283' title='bbox 1144 1484 1220 1514; x_wconf 75' lang='lat' dir='ltr'><strong>date</strong></span> <span class='ocrx_word' id='word_1_284' title='bbox 1243 1483 1334 1514; x_wconf 81' lang='lat' dir='ltr'><strong>nobis</strong></span> <span class='ocrx_word' id='word_1_285' title='bbox 1357 1483 1526 1523; x_wconf 81' lang='lat' dir='ltr'><strong>auxilium,</strong></span> <span class='ocrx_word' id='word_1_286' title='bbox 1552 1483 1630 1524; x_wconf 81' lang='lat' dir='ltr'><strong>quia</strong></span> <span class='ocrx_word' id='word_1_287' title='bbox 1647 1483 1820 1514; x_wconf 76' lang='lat' dir='ltr'><strong>comitatus</strong></span> <span class='ocrx_word' id='word_1_288' title='bbox 1836 1487 1948 1514; x_wconf 77' lang='lat' dir='ltr'><strong>noster</strong></span> <span class='ocrx_word' id='word_1_289' title='bbox 1962 1482 2145 1514; x_wconf 82' lang='lat' dir='ltr'><strong>combustus</strong></span> <span class='ocrx_word' id='word_1_290' title='bbox 2167 1487 2216 1514; x_wconf 83' lang='lat' dir='ltr'><strong>est</strong></span> 
     </span>
     <span class='ocr_line' id='line_1_25' title="bbox 376 1534 2215 1580; baseline -0.002 -10"><span class='ocrx_word' id='word_1_291' title='bbox 376 1544 408 1570; x_wconf 83' lang='lat' dir='ltr'><strong>et</strong></span> <span class='ocrx_word' id='word_1_292' title='bbox 429 1539 613 1570; x_wconf 80' lang='lat' dir='ltr'><strong>derobatus.</strong></span> <span class='ocrx_word' id='word_1_293' title='bbox 661 1537 731 1575; x_wconf 82' lang='lat' dir='ltr'><strong>Qui</strong></span> <span class='ocrx_word' id='word_1_294' title='bbox 755 1537 904 1580; x_wconf 85' lang='lat' dir='ltr'><strong>Legatus</strong></span> <span class='ocrx_word' id='word_1_295' title='bbox 926 1536 1103 1578; x_wconf 87' lang='lat' dir='ltr'><strong>respondit</strong></span> <span class='ocrx_word' id='word_1_296' title='bbox 1128 1536 1192 1568; x_wconf 88' lang='lat' dir='ltr'><strong>eis:</strong></span> <span class='ocrx_word' id='word_1_297' title='bbox 1218 1535 1319 1576; x_wconf 57' lang='grc' dir='ltr'><strong>0Ξμίιί</strong></span> <span class='ocrx_word' id='word_1_298' title='bbox 1339 1536 1438 1567; x_wconf 79' lang='lat' dir='ltr'><strong>vultis</strong></span> <span class='ocrx_word' id='word_1_299' title='bbox 1469 1546 1521 1566; x_wconf 81' lang='lat' dir='ltr'><strong>me</strong></span> <span class='ocrx_word' id='word_1_300' title='bbox 1543 1534 1732 1578; x_wconf 74' lang='lat' dir='ltr'><strong>facturam,</strong></span> <span class='ocrx_word' id='word_1_301' title='bbox 1758 1536 1837 1577; x_wconf 77' lang='lat' dir='ltr'><strong>qaia</strong></span> <span class='ocrx_word' id='word_1_302' title='bbox 1858 1546 1946 1577; x_wconf 78' lang='lat' dir='ltr'><strong>gens</strong></span> <span class='ocrx_word' id='word_1_303' title='bbox 1973 1540 2086 1568; x_wconf 81' lang='lat' dir='ltr'><strong>nostra</strong></span> <span class='ocrx_word' id='word_1_304' title='bbox 2117 1536 2215 1578; x_wconf 80' lang='lat' dir='ltr'><strong>quasi</strong></span> 
     </span>
     <span class='ocr_line' id='line_1_26' title="bbox 375 1587 2212 1633; baseline -0.002 -11"><span class='ocrx_word' id='word_1_305' title='bbox 375 1596 443 1622; x_wconf 91' lang='lat' dir='ltr'><strong>tota</strong></span> <span class='ocrx_word' id='word_1_306' title='bbox 467 1596 516 1622; x_wconf 79' lang='lat' dir='ltr'><strong>est</strong></span> <span class='ocrx_word' id='word_1_307' title='bbox 539 1592 574 1622; x_wconf 79' lang='lat' dir='ltr'><strong>in</strong></span> <span class='ocrx_word' id='word_1_308' title='bbox 598 1591 746 1622; x_wconf 75' lang='lat' dir='ltr'><strong>exercitu</strong></span> <span class='ocrx_word' id='word_1_309' title='bbox 769 1591 866 1633; x_wconf 75' lang='lat' dir='ltr'><strong>apud</strong></span> <span class='ocrx_word' id='word_1_310' title='bbox 885 1589 1099 1629; x_wconf 73' lang='lat' dir='ltr'><strong>Ferrariam,</strong></span> <span class='ocrx_word' id='word_1_311' title='bbox 1124 1589 1269 1631; x_wconf 76' lang='lat' dir='ltr'><strong>exceptis</strong></span> <span class='ocrx_word' id='word_1_312' title='bbox 1293 1588 1366 1619; x_wconf 83' lang='lat' dir='ltr'><strong>istis</strong></span> <span class='ocrx_word' id='word_1_313' title='bbox 1385 1589 1514 1630; x_wconf 73' lang='lat' dir='ltr'><strong>paucis,</strong></span> <span class='ocrx_word' id='word_1_314' title='bbox 1532 1588 1682 1630; x_wconf 79' lang='lat' dir='ltr'><strong>quisunt</strong></span> <span class='ocrx_word' id='word_1_315' title='bbox 1704 1587 1758 1619; x_wconf 70' lang='lat' dir='ltr'><strong>liic</strong></span> <span class='ocrx_word' id='word_1_316' title='bbox 1781 1588 1828 1619; x_wconf 85' lang='lat' dir='ltr'><strong>ad</strong></span> <span class='ocrx_word' id='word_1_317' title='bbox 1841 1589 2023 1620; x_wconf 82' lang='lat' dir='ltr'><strong>custodiam</strong></span> <span class='ocrx_word' id='word_1_318' title='bbox 2039 1588 2212 1620; x_wconf 73' lang='lat' dir='ltr'><strong>civitatis?</strong></span> 
     </span>
     <span class='ocr_line' id='line_1_27' title="bbox 375 1640 2275 1685; baseline -0.002 -9"><span class='ocrx_word' id='word_1_319' title='bbox 375 1645 475 1676; x_wconf 91' lang='lat' dir='ltr'><strong>Tunc</strong></span> <span class='ocrx_word' id='word_1_320' title='bbox 501 1645 594 1676; x_wconf 90' lang='lat' dir='ltr'><strong>cives</strong></span> <span class='ocrx_word' id='word_1_321' title='bbox 617 1643 749 1675; x_wconf 90' lang='lat' dir='ltr'><strong>nobiles</strong></span> <span class='ocrx_word' id='word_1_322' title='bbox 772 1643 1034 1685; x_wconf 87' lang='lat' dir='ltr'><strong>responderunt:</strong></span> <span class='ocrx_word' id='word_1_323' title='bbox 1060 1641 1133 1673; x_wconf 86' lang='lat' dir='ltr'><strong>Hic</strong></span> <span class='ocrx_word' id='word_1_324' title='bbox 1156 1652 1220 1673; x_wconf 81' lang='lat' dir='ltr'><strong>non</strong></span> <span class='ocrx_word' id='word_1_325' title='bbox 1243 1642 1380 1684; x_wconf 75' lang='lat' dir='ltr'><strong>expedit</strong></span> <span class='ocrx_word' id='word_1_326' title='bbox 1401 1652 1490 1683; x_wconf 76' lang='lat' dir='ltr'><strong>gens</strong></span> <span class='ocrx_word' id='word_1_327' title='bbox 1516 1641 1629 1683; x_wconf 81' lang='lat' dir='ltr'><strong>aliqua</strong></span> <span class='ocrx_word' id='word_1_328' title='bbox 1649 1643 1798 1683; x_wconf 75' lang='lat' dir='ltr'><strong>propter</strong></span> <span class='ocrx_word' id='word_1_329' title='bbox 1828 1642 2019 1673; x_wconf 82' lang='lat' dir='ltr'><strong>custodiam.</strong></span> <span class='ocrx_word' id='word_1_330' title='bbox 2064 1641 2119 1673; x_wconf 84' lang='lat' dir='ltr'><strong>De</strong></span> <span class='ocrx_word' id='word_1_331' title='bbox 2148 1652 2211 1683; x_wconf 80' lang='lat' dir='ltr'><strong>quo</strong></span> <span class='ocrx_word' id='word_1_332' title='bbox 2234 1640 2275 1673; x_wconf 88' lang='grc'><strong>25</strong></span> 
     </span>
     <span class='ocr_line' id='line_1_28' title="bbox 375 1694 2211 1738; baseline -0.002 -9"><span class='ocrx_word' id='word_1_333' title='bbox 375 1698 526 1729; x_wconf 80' lang='lat' dir='ltr'><strong>timemus</strong></span> <span class='ocrx_word' id='word_1_334' title='bbox 549 1697 631 1728; x_wconf 68' lang='lat' dir='ltr'><strong>nos?</strong></span> <span class='ocrx_word' id='word_1_335' title='bbox 653 1697 763 1728; x_wconf 77' lang='lat' dir='ltr'><strong>nostri</strong></span> <span class='ocrx_word' id='word_1_336' title='bbox 783 1706 895 1728; x_wconf 78' lang='lat' dir='ltr'><strong>amore</strong></span> <span class='ocrx_word' id='word_1_337' title='bbox 918 1696 1084 1738; x_wconf 64' lang='lat' dir='ltr'><strong>dirigatis</strong></span> <span class='ocrx_word' id='word_1_338' title='bbox 1107 1696 1184 1726; x_wconf 81' lang='lat' dir='ltr'><strong>istos</strong></span> <span class='ocrx_word' id='word_1_339' title='bbox 1207 1695 1243 1725; x_wconf 80' lang='lat' dir='ltr'><strong>in</strong></span> <span class='ocrx_word' id='word_1_340' title='bbox 1266 1695 1427 1725; x_wconf 79' lang='lat' dir='ltr'><strong>auxilium</strong></span> <span class='ocrx_word' id='word_1_341' title='bbox 1450 1695 1624 1726; x_wconf 79' lang='lat' dir='ltr'><strong>comitatus</strong></span> <span class='ocrx_word' id='word_1_342' title='bbox 1639 1698 1671 1725; x_wconf 78' lang='lat' dir='ltr'><strong>et</strong></span> <span class='ocrx_word' id='word_1_343' title='bbox 1686 1695 1898 1736; x_wconf 78' lang='lat' dir='ltr'><strong>episcopatus</strong></span> <span class='ocrx_word' id='word_1_344' title='bbox 1912 1695 2036 1735; x_wconf 83' lang='lat' dir='ltr'><strong>nostri;</strong></span> <span class='ocrx_word' id='word_1_345' title='bbox 2051 1694 2211 1737; x_wconf 84' lang='lat' dir='ltr'><strong>Legatus,</strong></span> 
     </span>
     <span class='ocr_line' id='line_1_29' title="bbox 374 1746 2212 1791; baseline -0.002 -10"><span class='ocrx_word' id='word_1_346' title='bbox 374 1750 440 1782; x_wconf 93' lang='lat' dir='ltr'><strong>hoc</strong></span> <span class='ocrx_word' id='word_1_347' title='bbox 465 1751 617 1788; x_wconf 86' lang='lat' dir='ltr'><strong>audiens,</strong></span> <span class='ocrx_word' id='word_1_348' title='bbox 641 1750 736 1781; x_wconf 83' lang='lat' dir='ltr'><strong>mixit</strong></span> <span class='ocrx_word' id='word_1_349' title='bbox 758 1749 933 1781; x_wconf 89' lang='lat' dir='ltr'><strong>residuum</strong></span> <span class='ocrx_word' id='word_1_350' title='bbox 948 1748 1099 1791; x_wconf 86' lang='lat' dir='ltr'><strong>gentium</strong></span> <span class='ocrx_word' id='word_1_351' title='bbox 1115 1758 1251 1779; x_wconf 83' lang='lat' dir='ltr'><strong>suarum</strong></span> <span class='ocrx_word' id='word_1_352' title='bbox 1267 1748 1302 1778; x_wconf 90' lang='lat' dir='ltr'><strong>in</strong></span> <span class='ocrx_word' id='word_1_353' title='bbox 1319 1747 1507 1780; x_wconf 89' lang='lat' dir='ltr'><strong>subsidium</strong></span> <span class='ocrx_word' id='word_1_354' title='bbox 1525 1747 1715 1779; x_wconf 89' lang='lat' dir='ltr'><strong>comitatus.</strong></span> <span class='ocrx_word' id='word_1_355' title='bbox 1763 1746 1911 1785; x_wconf 88' lang='lat' dir='ltr'><strong>Quando</strong></span> <span class='ocrx_word' id='word_1_356' title='bbox 1935 1757 2051 1779; x_wconf 90' lang='lat' dir='ltr'><strong>omnes</strong></span> <span class='ocrx_word' id='word_1_357' title='bbox 2074 1747 2212 1779; x_wconf 80' lang='lat' dir='ltr'><strong>fuerunt</strong></span> 
     </span>
     <span class='ocr_line' id='line_1_30' title="bbox 376 1798 2215 1845; baseline -0.002 -11"><span class='ocrx_word' id='word_1_358' title='bbox 376 1809 470 1834; x_wconf 78' lang='lat' dir='ltr'><strong>extra</strong></span> <span class='ocrx_word' id='word_1_359' title='bbox 493 1803 673 1840; x_wconf 89' lang='lat' dir='ltr'><strong>civitatem,</strong></span> <span class='ocrx_word' id='word_1_360' title='bbox 697 1803 799 1845; x_wconf 83' lang='lat' dir='ltr'><strong>janue</strong></span> <span class='ocrx_word' id='word_1_361' title='bbox 823 1801 968 1833; x_wconf 85' lang='lat' dir='ltr'><strong>civitatis</strong></span> <span class='ocrx_word' id='word_1_362' title='bbox 994 1801 1113 1832; x_wconf 88' lang='lat' dir='ltr'><strong>clauxe</strong></span> <span class='ocrx_word' id='word_1_363' title='bbox 1131 1801 1278 1838; x_wconf 74' lang='lat' dir='ltr'><strong>fuerunt,</strong></span> <span class='ocrx_word' id='word_1_364' title='bbox 1303 1806 1338 1832; x_wconf 90' lang='lat' dir='ltr'><strong>et</strong></span> <span class='ocrx_word' id='word_1_365' title='bbox 1361 1800 1517 1832; x_wconf 87' lang='lat' dir='ltr'><strong>dominus</strong></span> <span class='ocrx_word' id='word_1_366' title='bbox 1533 1798 1769 1831; x_wconf 82' lang='lat' dir='ltr'><strong>Brandalixius</strong></span> <span class='ocrx_word' id='word_1_367' title='bbox 1786 1799 1830 1831; x_wconf 90' lang='lat' dir='ltr'><strong>de</strong></span> <span class='ocrx_word' id='word_1_368' title='bbox 1847 1799 2033 1843; x_wconf 71' lang='lat' dir='ltr'><strong>Gocadinis</strong></span> <span class='ocrx_word' id='word_1_369' title='bbox 2048 1810 2126 1831; x_wconf 90' lang='lat' dir='ltr'><strong>cum</strong></span> <span class='ocrx_word' id='word_1_370' title='bbox 2142 1799 2215 1831; x_wconf 89' lang='lat' dir='ltr'><strong>aliis</strong></span> 
     </span>
     <span class='ocr_line' id='line_1_31' title="bbox 376 1851 2212 1895; baseline -0.002 -8"><span class='ocrx_word' id='word_1_371' title='bbox 376 1855 560 1887; x_wconf 89' lang='lat' dir='ltr'><strong>scientibus</strong></span> <span class='ocrx_word' id='word_1_372' title='bbox 584 1855 711 1887; x_wconf 89' lang='lat' dir='ltr'><strong>dictum</strong></span> <span class='ocrx_word' id='word_1_373' title='bbox 735 1860 914 1886; x_wconf 91' lang='lat' dir='ltr'><strong>tractatum</strong></span> <span class='ocrx_word' id='word_1_374' title='bbox 938 1864 1015 1886; x_wconf 91' lang='lat' dir='ltr'><strong>cum</strong></span> <span class='ocrx_word' id='word_1_375' title='bbox 1039 1852 1184 1884; x_wconf 88' lang='lat' dir='ltr'><strong>dominis</strong></span> <span class='ocrx_word' id='word_1_376' title='bbox 1207 1852 1477 1889; x_wconf 74' lang='lat' dir='ltr'><strong>Mamhionibus,</strong></span> <span class='ocrx_word' id='word_1_377' title='bbox 1501 1851 1705 1893; x_wconf 86' lang='lat' dir='ltr'><strong>inceperunt</strong></span> <span class='ocrx_word' id='word_1_378' title='bbox 1723 1851 1886 1883; x_wconf 88' lang='lat' dir='ltr'><strong>clamare:</strong></span> <span class='ocrx_word' id='word_1_379' title='bbox 1904 1852 2086 1894; x_wconf 74' lang='lat' dir='ltr'><strong>Populum,</strong></span> <span class='ocrx_word' id='word_1_380' title='bbox 2099 1855 2212 1895; x_wconf 78' lang='lat' dir='ltr'><strong>popu-</strong></span> 
     </span>
     <span class='ocr_line' id='line_1_32' title="bbox 376 1905 2280 1950; baseline -0.001 -11"><span class='ocrx_word' id='word_1_381' title='bbox 376 1909 459 1950; x_wconf 77' lang='lat' dir='ltr'><strong>lum;</strong></span> <span class='ocrx_word' id='word_1_382' title='bbox 482 1912 514 1939; x_wconf 82' lang='lat' dir='ltr'><strong>et</strong></span> <span class='ocrx_word' id='word_1_383' title='bbox 536 1908 726 1939; x_wconf 83' lang='lat' dir='ltr'><strong>moriantur</strong></span> <span class='ocrx_word' id='word_1_384' title='bbox 749 1907 940 1939; x_wconf 78' lang='lat' dir='ltr'><strong>traditores.</strong></span> <span class='ocrx_word' id='word_1_385' title='bbox 988 1907 1186 1948; x_wconf 88' lang='lat' dir='ltr'><strong>Omnesque</strong></span> <span class='ocrx_word' id='word_1_386' title='bbox 1209 1906 1419 1947; x_wconf 90' lang='lat' dir='ltr'><strong>prescientes</strong></span> <span class='ocrx_word' id='word_1_387' title='bbox 1442 1910 1622 1937; x_wconf 84' lang='lat' dir='ltr'><strong>tractatum</strong></span> <span class='ocrx_word' id='word_1_388' title='bbox 1646 1915 1723 1936; x_wconf 92' lang='lat' dir='ltr'><strong>cum</strong></span> <span class='ocrx_word' id='word_1_389' title='bbox 1745 1905 1813 1936; x_wconf 89' lang='lat' dir='ltr'><strong>suis</strong></span> <span class='ocrx_word' id='word_1_390' title='bbox 1844 1905 2057 1947; x_wconf 89' lang='lat' dir='ltr'><strong>sequacibus,</strong></span> <span class='ocrx_word' id='word_1_391' title='bbox 2089 1911 2123 1937; x_wconf 88' lang='lat' dir='ltr'><strong>et</strong></span> <span class='ocrx_word' id='word_1_392' title='bbox 2152 1915 2214 1947; x_wconf 92' lang='lat' dir='ltr'><strong>po-</strong></span> <span class='ocrx_word' id='word_1_393' title='bbox 2238 1906 2280 1937; x_wconf 88' lang='grc'><strong>30</strong></span> 
     </span>
     <span class='ocr_line' id='line_1_33' title="bbox 375 1957 2212 2003; baseline -0.002 -10"><span class='ocrx_word' id='word_1_394' title='bbox 375 1961 455 2003; x_wconf 91' lang='lat' dir='ltr'><strong>pulo</strong></span> <span class='ocrx_word' id='word_1_395' title='bbox 479 1966 562 1999; x_wconf 87' lang='lat' dir='ltr'><strong>toto,</strong></span> <span class='ocrx_word' id='word_1_396' title='bbox 585 1961 629 1992; x_wconf 89' lang='lat' dir='ltr'><strong>ad</strong></span> <span class='ocrx_word' id='word_1_397' title='bbox 652 1971 745 1992; x_wconf 91' lang='lat' dir='ltr'><strong>arma</strong></span> <span class='ocrx_word' id='word_1_398' title='bbox 768 1961 914 1999; x_wconf 80' lang='lat' dir='ltr'><strong>fuerunt,</strong></span> <span class='ocrx_word' id='word_1_399' title='bbox 940 1966 974 1991; x_wconf 90' lang='lat' dir='ltr'><strong>et</strong></span> <span class='ocrx_word' id='word_1_400' title='bbox 996 1960 1132 1991; x_wconf 89' lang='lat' dir='ltr'><strong>iverunt</strong></span> <span class='ocrx_word' id='word_1_401' title='bbox 1155 1964 1312 1996; x_wconf 89' lang='lat' dir='ltr'><strong>castrum,</strong></span> <span class='ocrx_word' id='word_1_402' title='bbox 1337 1958 1371 1989; x_wconf 88' lang='lat' dir='ltr'><strong>in</strong></span> <span class='ocrx_word' id='word_1_403' title='bbox 1395 1968 1462 2001; x_wconf 92' lang='lat' dir='ltr'><strong>quo</strong></span> <span class='ocrx_word' id='word_1_404' title='bbox 1487 1958 1660 1990; x_wconf 87' lang='lat' dir='ltr'><strong>residebat</strong></span> <span class='ocrx_word' id='word_1_405' title='bbox 1682 1957 1834 2000; x_wconf 83' lang='lat' dir='ltr'><strong>Legatus</strong></span> <span class='ocrx_word' id='word_1_406' title='bbox 1849 1958 1885 1989; x_wconf 90' lang='lat' dir='ltr'><strong>in</strong></span> <span class='ocrx_word' id='word_1_407' title='bbox 1902 1957 2015 1999; x_wconf 89' lang='lat' dir='ltr'><strong>capite</strong></span> <span class='ocrx_word' id='word_1_408' title='bbox 2032 1958 2146 2001; x_wconf 85' lang='lat' dir='ltr'><strong>aliquo</strong></span> <span class='ocrx_word' id='word_1_409' title='bbox 2163 1958 2212 1990; x_wconf 90' lang='lat' dir='ltr'><strong>ci-</strong></span> 
     </span>
     <span class='ocr_line' id='line_1_34' title="bbox 375 2011 2215 2054; baseline -0.002 -8"><span class='ocrx_word' id='word_1_410' title='bbox 375 2014 495 2052; x_wconf 88' lang='lat' dir='ltr'><strong>vitatis,</strong></span> <span class='ocrx_word' id='word_1_411' title='bbox 520 2014 705 2046; x_wconf 87' lang='lat' dir='ltr'><strong>clamantes</strong></span> <span class='ocrx_word' id='word_1_412' title='bbox 729 2013 804 2045; x_wconf 82' lang='lat' dir='ltr'><strong>altis</strong></span> <span class='ocrx_word' id='word_1_413' title='bbox 827 2012 985 2045; x_wconf 90' lang='lat' dir='ltr'><strong>vocibus:</strong></span> <span class='ocrx_word' id='word_1_414' title='bbox 1010 2013 1186 2044; x_wconf 71' lang='lat' dir='ltr'><strong>flloriatur</strong></span> <span class='ocrx_word' id='word_1_415' title='bbox 1209 2013 1270 2043; x_wconf 80' lang='lat' dir='ltr'><strong>iste</strong></span> <span class='ocrx_word' id='word_1_416' title='bbox 1285 2012 1437 2054; x_wconf 76' lang='lat' dir='ltr'><strong>Legatus</strong></span> <span class='ocrx_word' id='word_1_417' title='bbox 1459 2011 1546 2042; x_wconf 82' lang='lat' dir='ltr'><strong>latro</strong></span> <span class='ocrx_word' id='word_1_418' title='bbox 1569 2011 1794 2053; x_wconf 80' lang='lat' dir='ltr'><strong>nequissimus.</strong></span> <span class='ocrx_word' id='word_1_419' title='bbox 1840 2011 1884 2043; x_wconf 93' lang='lat' dir='ltr'><strong>Et</strong></span> <span class='ocrx_word' id='word_1_420' title='bbox 1910 2017 2095 2052; x_wconf 85' lang='lat' dir='ltr'><strong>posuerunt</strong></span> <span class='ocrx_word' id='word_1_421' title='bbox 2119 2021 2215 2043; x_wconf 88' lang='lat' dir='ltr'><strong>exer-</strong></span> 
     </span>
     <span class='ocr_line' id='line_1_35' title="bbox 378 2063 2212 2105; baseline -0.002 -7"><span class='ocrx_word' id='word_1_422' title='bbox 378 2067 480 2098; x_wconf 89' lang='lat' dir='ltr'><strong>citum</strong></span> <span class='ocrx_word' id='word_1_423' title='bbox 505 2067 595 2098; x_wconf 88' lang='lat' dir='ltr'><strong>circa</strong></span> <span class='ocrx_word' id='word_1_424' title='bbox 621 2073 777 2105; x_wconf 83' lang='lat' dir='ltr'><strong>castrum,</strong></span> <span class='ocrx_word' id='word_1_425' title='bbox 795 2072 828 2097; x_wconf 91' lang='lat' dir='ltr'><strong>et</strong></span> <span class='ocrx_word' id='word_1_426' title='bbox 843 2066 954 2098; x_wconf 85' lang='lat' dir='ltr'><strong>statim</strong></span> <span class='ocrx_word' id='word_1_427' title='bbox 971 2066 1170 2098; x_wconf 83' lang='lat' dir='ltr'><strong>direxerunt</strong></span> <span class='ocrx_word' id='word_1_428' title='bbox 1186 2065 1348 2096; x_wconf 88' lang='lat' dir='ltr'><strong>nuncium</strong></span> <span class='ocrx_word' id='word_1_429' title='bbox 1365 2064 1511 2096; x_wconf 88' lang='lat' dir='ltr'><strong>dominis</strong></span> <span class='ocrx_word' id='word_1_430' title='bbox 1527 2063 1785 2095; x_wconf 81' lang='lat' dir='ltr'><strong>Marchiom&#39;bus</strong></span> <span class='ocrx_word' id='word_1_431' title='bbox 1801 2063 2022 2104; x_wconf 87' lang='lat' dir='ltr'><strong>implorantes</strong></span> <span class='ocrx_word' id='word_1_432' title='bbox 2037 2063 2198 2096; x_wconf 87' lang='lat' dir='ltr'><strong>auxilium</strong></span> <span class='ocrx_word' id='word_1_433' title='bbox 2204 2076 2212 2101; x_wconf 92' lang='lat'>;</span> 
     </span>
     <span class='ocr_line' id='line_1_36' title="bbox 375 2115 2215 2161; baseline -0.002 -11"><span class='ocrx_word' id='word_1_434' title='bbox 375 2119 433 2161; x_wconf 90' lang='lat' dir='ltr'><strong>qui</strong></span> <span class='ocrx_word' id='word_1_435' title='bbox 455 2119 649 2151; x_wconf 87' lang='lat' dir='ltr'><strong>immediate</strong></span> <span class='ocrx_word' id='word_1_436' title='bbox 674 2119 708 2149; x_wconf 91' lang='lat' dir='ltr'><strong>in</strong></span> <span class='ocrx_word' id='word_1_437' title='bbox 732 2128 847 2150; x_wconf 89' lang='lat' dir='ltr'><strong>eorum</strong></span> <span class='ocrx_word' id='word_1_438' title='bbox 871 2118 1021 2150; x_wconf 89' lang='lat' dir='ltr'><strong>subsidio</strong></span> <span class='ocrx_word' id='word_1_439' title='bbox 1046 2118 1208 2149; x_wconf 86' lang='lat' dir='ltr'><strong>miserunt</strong></span> <span class='ocrx_word' id='word_1_440' title='bbox 1231 2118 1412 2148; x_wconf 82' lang='lat' dir='ltr'><strong>maximam</strong></span> <span class='ocrx_word' id='word_1_441' title='bbox 1437 2116 1657 2158; x_wconf 85' lang='lat' dir='ltr'><strong>quantitatem</strong></span> <span class='ocrx_word' id='word_1_442' title='bbox 1689 2115 1841 2147; x_wconf 92' lang='lat' dir='ltr'><strong>militum.</strong></span> <span class='ocrx_word' id='word_1_443' title='bbox 1887 2115 2021 2147; x_wconf 86' lang='lat' dir='ltr'><strong>Deinde</strong></span> <span class='ocrx_word' id='word_1_444' title='bbox 2052 2116 2215 2158; x_wconf 88' lang='lat' dir='ltr'><strong>populum</strong></span> 
     </span>
     <span class='ocr_line' id='line_1_37' title="bbox 375 2167 2278 2209; baseline -0.002 -6"><span class='ocrx_word' id='word_1_445' title='bbox 375 2171 530 2203; x_wconf 89' lang='lat' dir='ltr'><strong>Ferrarie</strong></span> <span class='ocrx_word' id='word_1_446' title='bbox 555 2172 718 2204; x_wconf 89' lang='lat' dir='ltr'><strong>miserunt</strong></span> <span class='ocrx_word' id='word_1_447' title='bbox 742 2171 785 2202; x_wconf 84' lang='lat' dir='ltr'><strong>ad</strong></span> <span class='ocrx_word' id='word_1_448' title='bbox 809 2171 935 2203; x_wconf 87' lang='lat' dir='ltr'><strong>dictam</strong></span> <span class='ocrx_word' id='word_1_449' title='bbox 960 2170 1137 2209; x_wconf 85' lang='lat' dir='ltr'><strong>bastiliam,</strong></span> <span class='ocrx_word' id='word_1_450' title='bbox 1162 2177 1196 2202; x_wconf 88' lang='lat' dir='ltr'><strong>et</strong></span> <span class='ocrx_word' id='word_1_451' title='bbox 1220 2176 1325 2202; x_wconf 91' lang='lat' dir='ltr'><strong>totam</strong></span> <span class='ocrx_word' id='word_1_452' title='bbox 1349 2170 1598 2208; x_wconf 84' lang='lat' dir='ltr'><strong>destruxerunt,</strong></span> <span class='ocrx_word' id='word_1_453' title='bbox 1623 2174 1657 2200; x_wconf 90' lang='lat' dir='ltr'><strong>et</strong></span> <span class='ocrx_word' id='word_1_454' title='bbox 1682 2168 1944 2201; x_wconf 87' lang='lat' dir='ltr'><strong>derobaverunt.</strong></span> <span class='ocrx_word' id='word_1_455' title='bbox 1990 2169 2149 2201; x_wconf 90' lang='lat' dir='ltr'><strong>Tandem</strong></span> <span class='ocrx_word' id='word_1_456' title='bbox 2179 2169 2214 2200; x_wconf 90' lang='lat' dir='ltr'><strong>in</strong></span> <span class='ocrx_word' id='word_1_457' title='bbox 2238 2167 2278 2201; x_wconf 71' lang='lat'><strong>05</strong></span> 
     </span>
     <span class='ocr_line' id='line_1_38' title="bbox 376 2222 2213 2268; baseline -0.001 -12"><span class='ocrx_word' id='word_1_458' title='bbox 376 2225 442 2256; x_wconf 89' lang='lat' dir='ltr'><strong>fine</strong></span> <span class='ocrx_word' id='word_1_459' title='bbox 465 2225 615 2268; x_wconf 88' lang='lat' dir='ltr'><strong>Legatus</strong></span> <span class='ocrx_word' id='word_1_460' title='bbox 637 2224 757 2266; x_wconf 89' lang='lat' dir='ltr'><strong>petivit</strong></span> <span class='ocrx_word' id='word_1_461' title='bbox 781 2225 1014 2256; x_wconf 87' lang='lat' dir='ltr'><strong>Bononienses</strong></span> <span class='ocrx_word' id='word_1_462' title='bbox 1037 2230 1187 2266; x_wconf 90' lang='lat' dir='ltr'><strong>pactum,</strong></span> <span class='ocrx_word' id='word_1_463' title='bbox 1212 2224 1304 2266; x_wconf 90' lang='lat' dir='ltr'><strong>quod</strong></span> <span class='ocrx_word' id='word_1_464' title='bbox 1328 2223 1572 2265; x_wconf 88' lang='lat' dir='ltr'><strong>permicterent</strong></span> <span class='ocrx_word' id='word_1_465' title='bbox 1594 2223 1705 2264; x_wconf 89' lang='lat' dir='ltr'><strong>ipsum</strong></span> <span class='ocrx_word' id='word_1_466' title='bbox 1729 2222 1893 2254; x_wconf 90' lang='lat' dir='ltr'><strong>recedere</strong></span> <span class='ocrx_word' id='word_1_467' title='bbox 1919 2228 2014 2254; x_wconf 80' lang='lat' dir='ltr'><strong>extra</strong></span> <span class='ocrx_word' id='word_1_468' title='bbox 2041 2222 2213 2254; x_wconf 86' lang='lat' dir='ltr'><strong>civitatem</strong></span> 
     </span>
     <span class='ocr_line' id='line_1_39' title="bbox 378 2274 2213 2318; baseline -0.001 -9"><span class='ocrx_word' id='word_1_469' title='bbox 378 2287 454 2308; x_wconf 91' lang='lat' dir='ltr'><strong>cum</strong></span> <span class='ocrx_word' id='word_1_470' title='bbox 477 2278 544 2309; x_wconf 92' lang='lat' dir='ltr'><strong>suis</strong></span> <span class='ocrx_word' id='word_1_471' title='bbox 567 2277 716 2309; x_wconf 85' lang='lat' dir='ltr'><strong>arnexiis</strong></span> <span class='ocrx_word' id='word_1_472' title='bbox 739 2287 855 2308; x_wconf 83' lang='lat' dir='ltr'><strong>versus</strong></span> <span class='ocrx_word' id='word_1_473' title='bbox 876 2283 989 2318; x_wconf 83' lang='lat' dir='ltr'><strong>partes</strong></span> <span class='ocrx_word' id='word_1_474' title='bbox 1012 2277 1202 2313; x_wconf 90' lang='lat' dir='ltr'><strong>Florentie;</strong></span> <span class='ocrx_word' id='word_1_475' title='bbox 1224 2282 1258 2308; x_wconf 90' lang='lat' dir='ltr'><strong>et</strong></span> <span class='ocrx_word' id='word_1_476' title='bbox 1273 2277 1322 2308; x_wconf 87' lang='lat' dir='ltr'><strong>sic</strong></span> <span class='ocrx_word' id='word_1_477' title='bbox 1340 2276 1507 2313; x_wconf 77' lang='lat' dir='ltr'><strong>fecerunt,</strong></span> <span class='ocrx_word' id='word_1_478' title='bbox 1527 2281 1560 2306; x_wconf 88' lang='lat' dir='ltr'><strong>et</strong></span> <span class='ocrx_word' id='word_1_479' title='bbox 1575 2276 1648 2316; x_wconf 88' lang='lat' dir='ltr'><strong>ipse</strong></span> <span class='ocrx_word' id='word_1_480' title='bbox 1665 2275 1808 2306; x_wconf 88' lang='lat' dir='ltr'><strong>recessit</strong></span> <span class='ocrx_word' id='word_1_481' title='bbox 1824 2284 1927 2306; x_wconf 81' lang='lat' dir='ltr'><strong>xxvn</strong></span> <span class='ocrx_word' id='word_1_482' title='bbox 1944 2274 2069 2306; x_wconf 87' lang='lat' dir='ltr'><strong>mensis</strong></span> <span class='ocrx_word' id='word_1_483' title='bbox 2091 2274 2213 2307; x_wconf 84' lang='lat' dir='ltr'><strong>martii.</strong></span> 
     </span>
    </p>

    <p class='ocr_par' dir='ltr' id='par_1_6' title="bbox 376 2327 2280 2689">
     <span class='ocr_line' id='line_1_40' title="bbox 462 2327 2214 2372; baseline -0.002 -10"><span class='ocrx_word' id='word_1_484' title='bbox 462 2330 593 2362; x_wconf 90' lang='lat' dir='ltr'><strong>Eodem</strong></span> <span class='ocrx_word' id='word_1_485' title='bbox 617 2329 793 2361; x_wconf 89' lang='lat' dir='ltr'><strong>millesimo</strong></span> <span class='ocrx_word' id='word_1_486' title='bbox 811 2330 854 2361; x_wconf 91' lang='lat' dir='ltr'><strong>de</strong></span> <span class='ocrx_word' id='word_1_487' title='bbox 871 2340 987 2362; x_wconf 89' lang='lat' dir='ltr'><strong>mense</strong></span> <span class='ocrx_word' id='word_1_488' title='bbox 1012 2329 1147 2371; x_wconf 89' lang='lat' dir='ltr'><strong>aprelis.</strong></span> <span class='ocrx_word' id='word_1_489' title='bbox 1171 2330 1338 2361; x_wconf 87' lang='lat' dir='ltr'><strong>Dominus</strong></span> <span class='ocrx_word' id='word_1_490' title='bbox 1354 2328 1463 2372; x_wconf 75' lang='lat' dir='ltr'><strong>Obico</strong></span> <span class='ocrx_word' id='word_1_491' title='bbox 1486 2329 1638 2360; x_wconf 88' lang='lat' dir='ltr'><strong>marchio</strong></span> <span class='ocrx_word' id='word_1_492' title='bbox 1656 2327 1796 2360; x_wconf 87' lang='lat' dir='ltr'><strong>estensis</strong></span> <span class='ocrx_word' id='word_1_493' title='bbox 1812 2327 1965 2360; x_wconf 89' lang='lat' dir='ltr'><strong>discessit</strong></span> <span class='ocrx_word' id='word_1_494' title='bbox 1982 2327 2120 2360; x_wconf 87' lang='lat' dir='ltr'><strong>Feraria</strong></span> <span class='ocrx_word' id='word_1_495' title='bbox 2138 2338 2214 2360; x_wconf 92' lang='lat' dir='ltr'><strong>cum</strong></span> 
     </span>
     <span class='ocr_line' id='line_1_41' title="bbox 376 2380 2215 2424; baseline -0.001 -11"><span class='ocrx_word' id='word_1_496' title='bbox 376 2383 520 2415; x_wconf 87' lang='lat' dir='ltr'><strong>maxima</strong></span> <span class='ocrx_word' id='word_1_497' title='bbox 543 2383 728 2424; x_wconf 87' lang='lat' dir='ltr'><strong>quantitate</strong></span> <span class='ocrx_word' id='word_1_498' title='bbox 751 2382 892 2414; x_wconf 88' lang='lat' dir='ltr'><strong>militum</strong></span> <span class='ocrx_word' id='word_1_499' title='bbox 916 2388 950 2414; x_wconf 92' lang='lat' dir='ltr'><strong>et</strong></span> <span class='ocrx_word' id='word_1_500' title='bbox 973 2383 1137 2423; x_wconf 87' lang='lat' dir='ltr'><strong>peditum,</strong></span> <span class='ocrx_word' id='word_1_501' title='bbox 1166 2388 1200 2414; x_wconf 85' lang='lat' dir='ltr'><strong>et</strong></span> <span class='ocrx_word' id='word_1_502' title='bbox 1224 2382 1357 2414; x_wconf 88' lang='lat' dir='ltr'><strong>iverunt</strong></span> <span class='ocrx_word' id='word_1_503' title='bbox 1388 2391 1505 2413; x_wconf 89' lang='lat' dir='ltr'><strong>versus</strong></span> <span class='ocrx_word' id='word_1_504' title='bbox 1536 2380 1740 2413; x_wconf 89' lang='lat' dir='ltr'><strong>Cremonam</strong></span> <span class='ocrx_word' id='word_1_505' title='bbox 1772 2380 1806 2411; x_wconf 93' lang='lat' dir='ltr'><strong>in</strong></span> <span class='ocrx_word' id='word_1_506' title='bbox 1839 2380 1999 2418; x_wconf 85' lang='lat' dir='ltr'><strong>exercitu,</strong></span> <span class='ocrx_word' id='word_1_507' title='bbox 2031 2380 2091 2412; x_wconf 87' lang='lat' dir='ltr'><strong>ubi</strong></span> <span class='ocrx_word' id='word_1_508' title='bbox 2121 2380 2215 2412; x_wconf 88' lang='lat' dir='ltr'><strong>venit</strong></span> 
     </span>
     <span class='ocr_line' id='line_1_42' title="bbox 376 2432 2280 2478; baseline -0.002 -11"><span class='ocrx_word' id='word_1_509' title='bbox 376 2435 476 2467; x_wconf 90' lang='lat' dir='ltr'><strong>etiam</strong></span> <span class='ocrx_word' id='word_1_510' title='bbox 500 2435 596 2478; x_wconf 73' lang='lat' dir='ltr'><strong>Acco</strong></span> <span class='ocrx_word' id='word_1_511' title='bbox 620 2435 824 2467; x_wconf 90' lang='lat' dir='ltr'><strong>Vicecomes</strong></span> <span class='ocrx_word' id='word_1_512' title='bbox 848 2434 1048 2473; x_wconf 83' lang='lat' dir='ltr'><strong>Mediolani,</strong></span> <span class='ocrx_word' id='word_1_513' title='bbox 1074 2435 1230 2467; x_wconf 91' lang='lat' dir='ltr'><strong>dominus</strong></span> <span class='ocrx_word' id='word_1_514' title='bbox 1254 2435 1421 2467; x_wconf 89' lang='lat' dir='ltr'><strong>Mastinus</strong></span> <span class='ocrx_word' id='word_1_515' title='bbox 1446 2435 1489 2466; x_wconf 91' lang='lat' dir='ltr'><strong>de</strong></span> <span class='ocrx_word' id='word_1_516' title='bbox 1517 2435 1551 2466; x_wconf 89' lang='lat' dir='ltr'><strong>la</strong></span> <span class='ocrx_word' id='word_1_517' title='bbox 1582 2434 1693 2472; x_wconf 87' lang='lat' dir='ltr'><strong>Scala,</strong></span> <span class='ocrx_word' id='word_1_518' title='bbox 1718 2434 1874 2466; x_wconf 87' lang='lat' dir='ltr'><strong>dominus</strong></span> <span class='ocrx_word' id='word_1_519' title='bbox 1902 2432 2140 2476; x_wconf 91' lang='lat' dir='ltr'><strong>Phylyppinus</strong></span> <span class='ocrx_word' id='word_1_520' title='bbox 2171 2433 2214 2465; x_wconf 92' lang='lat' dir='ltr'><strong>de</strong></span> <span class='ocrx_word' id='word_1_521' title='bbox 2239 2434 2280 2464; x_wconf 88' lang='lat'><strong>40</strong></span> 
     </span>
     <span class='ocr_line' id='line_1_43' title="bbox 377 2486 2215 2528; baseline -0.001 -9"><span class='ocrx_word' id='word_1_522' title='bbox 377 2488 536 2525; x_wconf 82' lang='lat' dir='ltr'><strong>Mantua3</strong></span> <span class='ocrx_word' id='word_1_523' title='bbox 561 2494 594 2519; x_wconf 90' lang='lat' dir='ltr'><strong>et</strong></span> <span class='ocrx_word' id='word_1_524' title='bbox 619 2498 735 2520; x_wconf 89' lang='lat' dir='ltr'><strong>omnes</strong></span> <span class='ocrx_word' id='word_1_525' title='bbox 758 2489 977 2520; x_wconf 84' lang='lat' dir='ltr'><strong>firmaverunt</strong></span> <span class='ocrx_word' id='word_1_526' title='bbox 1002 2488 1096 2520; x_wconf 89' lang='lat' dir='ltr'><strong>circa</strong></span> <span class='ocrx_word' id='word_1_527' title='bbox 1120 2487 1325 2520; x_wconf 88' lang='lat' dir='ltr'><strong>Cremonam</strong></span> <span class='ocrx_word' id='word_1_528' title='bbox 1341 2487 1528 2519; x_wconf 81' lang='lat' dir='ltr'><strong>exercitum</strong></span> <span class='ocrx_word' id='word_1_529' title='bbox 1545 2487 1602 2519; x_wconf 92' lang='lat' dir='ltr'><strong>die</strong></span> <span class='ocrx_word' id='word_1_530' title='bbox 1621 2496 1728 2518; x_wconf 82' lang='lat' dir='ltr'><strong>xxnn</strong></span> <span class='ocrx_word' id='word_1_531' title='bbox 1746 2486 1880 2528; x_wconf 87' lang='lat' dir='ltr'><strong>aprelis.</strong></span> <span class='ocrx_word' id='word_1_532' title='bbox 1923 2486 1968 2518; x_wconf 92' lang='lat' dir='ltr'><strong>Et</strong></span> <span class='ocrx_word' id='word_1_533' title='bbox 1983 2491 2065 2518; x_wconf 87' lang='lat' dir='ltr'><strong>tunc</strong></span> <span class='ocrx_word' id='word_1_534' title='bbox 2082 2486 2149 2518; x_wconf 79' lang='lat' dir='ltr'><strong>fuit</strong></span> <span class='ocrx_word' id='word_1_535' title='bbox 2163 2486 2215 2517; x_wconf 91' lang='lat' dir='ltr'><strong>in-</strong></span> 
     </span>
     <span class='ocr_line' id='line_1_44' title="bbox 378 2538 2216 2583; baseline -0.001 -12"><span class='ocrx_word' id='word_1_536' title='bbox 378 2540 543 2572; x_wconf 87' lang='lat' dir='ltr'><strong>credibile</strong></span> <span class='ocrx_word' id='word_1_537' title='bbox 567 2540 677 2583; x_wconf 73' lang='lat' dir='ltr'><strong>frigus</strong></span> <span class='ocrx_word' id='word_1_538' title='bbox 701 2551 778 2572; x_wconf 89' lang='lat' dir='ltr'><strong>cum</strong></span> <span class='ocrx_word' id='word_1_539' title='bbox 800 2541 880 2573; x_wconf 88' lang='lat' dir='ltr'><strong>nive</strong></span> <span class='ocrx_word' id='word_1_540' title='bbox 904 2542 939 2572; x_wconf 92' lang='lat' dir='ltr'><strong>in</strong></span> <span class='ocrx_word' id='word_1_541' title='bbox 963 2541 1109 2572; x_wconf 85' lang='lat' dir='ltr'><strong>maxima</strong></span> <span class='ocrx_word' id='word_1_542' title='bbox 1132 2541 1318 2583; x_wconf 87' lang='lat' dir='ltr'><strong>quantitate</strong></span> <span class='ocrx_word' id='word_1_543' title='bbox 1349 2547 1382 2573; x_wconf 85' lang='lat' dir='ltr'><strong>et</strong></span> <span class='ocrx_word' id='word_1_544' title='bbox 1413 2539 1520 2579; x_wconf 89' lang='lat' dir='ltr'><strong>brina,</strong></span> <span class='ocrx_word' id='word_1_545' title='bbox 1545 2539 1655 2572; x_wconf 86' lang='lat' dir='ltr'><strong>taliter</strong></span> <span class='ocrx_word' id='word_1_546' title='bbox 1679 2539 1771 2582; x_wconf 89' lang='lat' dir='ltr'><strong>quod</strong></span> <span class='ocrx_word' id='word_1_547' title='bbox 1799 2539 1906 2571; x_wconf 87' lang='lat' dir='ltr'><strong>maior</strong></span> <span class='ocrx_word' id='word_1_548' title='bbox 1932 2549 2011 2580; x_wconf 90' lang='lat' dir='ltr'><strong>pars</strong></span> <span class='ocrx_word' id='word_1_549' title='bbox 2042 2538 2216 2570; x_wconf 77' lang='lat' dir='ltr'><strong>vinearum</strong></span> 
     </span>
     <span class='ocr_line' id='line_1_45' title="bbox 376 2592 2215 2635; baseline -0.001 -10"><span class='ocrx_word' id='word_1_550' title='bbox 376 2594 529 2635; x_wconf 89' lang='lat' dir='ltr'><strong>disperse</strong></span> <span class='ocrx_word' id='word_1_551' title='bbox 553 2600 638 2626; x_wconf 88' lang='lat' dir='ltr'><strong>sunt.</strong></span> <span class='ocrx_word' id='word_1_552' title='bbox 686 2593 737 2625; x_wconf 89' lang='lat' dir='ltr'><strong>Ibi</strong></span> <span class='ocrx_word' id='word_1_553' title='bbox 760 2600 1018 2635; x_wconf 82' lang='lat' dir='ltr'><strong>permanserunt</strong></span> <span class='ocrx_word' id='word_1_554' title='bbox 1043 2594 1135 2626; x_wconf 88' lang='lat' dir='ltr'><strong>circa</strong></span> <span class='ocrx_word' id='word_1_555' title='bbox 1158 2605 1260 2626; x_wconf 90' lang='lat' dir='ltr'><strong>unum</strong></span> <span class='ocrx_word' id='word_1_556' title='bbox 1289 2603 1450 2626; x_wconf 89' lang='lat' dir='ltr'><strong>mensem.</strong></span> <span class='ocrx_word' id='word_1_557' title='bbox 1497 2594 1536 2625; x_wconf 92' lang='lat' dir='ltr'><strong>In</strong></span> <span class='ocrx_word' id='word_1_558' title='bbox 1567 2593 1681 2635; x_wconf 90' lang='lat' dir='ltr'><strong>capite</strong></span> <span class='ocrx_word' id='word_1_559' title='bbox 1712 2592 1836 2624; x_wconf 89' lang='lat' dir='ltr'><strong>mensis</strong></span> <span class='ocrx_word' id='word_1_560' title='bbox 1867 2598 2010 2635; x_wconf 86' lang='lat' dir='ltr'><strong>treugua</strong></span> <span class='ocrx_word' id='word_1_561' title='bbox 2040 2592 2134 2624; x_wconf 81' lang='lat' dir='ltr'><strong>facta</strong></span> <span class='ocrx_word' id='word_1_562' title='bbox 2165 2597 2215 2623; x_wconf 89' lang='lat' dir='ltr'><strong>est</strong></span> 
     </span>
     <span class='ocr_line' id='line_1_46' title="bbox 378 2646 2214 2689; baseline -0.001 -11"><span class='ocrx_word' id='word_1_563' title='bbox 378 2647 464 2679; x_wconf 90' lang='lat' dir='ltr'><strong>inter</strong></span> <span class='ocrx_word' id='word_1_564' title='bbox 488 2648 599 2679; x_wconf 90' lang='lat' dir='ltr'><strong>dictos</strong></span> <span class='ocrx_word' id='word_1_565' title='bbox 623 2647 779 2679; x_wconf 91' lang='lat' dir='ltr'><strong>dominos</strong></span> <span class='ocrx_word' id='word_1_566' title='bbox 807 2654 841 2679; x_wconf 86' lang='lat' dir='ltr'><strong>et</strong></span> <span class='ocrx_word' id='word_1_567' title='bbox 873 2646 1121 2680; x_wconf 87' lang='lat' dir='ltr'><strong>Cremonenses</strong></span> <span class='ocrx_word' id='word_1_568' title='bbox 1146 2657 1222 2679; x_wconf 88' lang='lat' dir='ltr'><strong>cum</strong></span> <span class='ocrx_word' id='word_1_569' title='bbox 1244 2647 1304 2679; x_wconf 89' lang='lat' dir='ltr'><strong>tali</strong></span> <span class='ocrx_word' id='word_1_570' title='bbox 1327 2653 1441 2689; x_wconf 87' lang='lat' dir='ltr'><strong>pacto,</strong></span> <span class='ocrx_word' id='word_1_571' title='bbox 1466 2647 1558 2689; x_wconf 91' lang='lat' dir='ltr'><strong>quod</strong></span> <span class='ocrx_word' id='word_1_572' title='bbox 1582 2646 1609 2678; x_wconf 90' lang='lat' dir='ltr'><strong>si</strong></span> <span class='ocrx_word' id='word_1_573' title='bbox 1633 2646 1724 2678; x_wconf 78' lang='lat' dir='ltr'><strong>infra</strong></span> <span class='ocrx_word' id='word_1_574' title='bbox 1747 2646 1927 2678; x_wconf 83' lang='lat' dir='ltr'><strong>terminum</strong></span> <span class='ocrx_word' id='word_1_575' title='bbox 1952 2646 2096 2678; x_wconf 90' lang='lat' dir='ltr'><strong>duorum</strong></span> <span class='ocrx_word' id='word_1_576' title='bbox 2119 2654 2214 2678; x_wconf 88' lang='lat' dir='ltr'><strong>men-</strong></span> 
     </span>
    </p>
   </div>
   <div class='ocr_carea' id='block_1_4' title="bbox 375 2780 2215 2898">
    <p class='ocr_par' dir='ltr' id='par_1_7' title="bbox 375 2780 2215 2898">
     <span class='ocr_line' id='line_1_47' title="bbox 466 2780 2213 2815; baseline -0.001 -9"><span class='ocrx_word' id='word_1_577' title='bbox 466 2791 504 2815; x_wconf 78' lang='lat'><strong>14·</strong></span> <span class='ocrx_word' id='word_1_578' title='bbox 524 2784 567 2806; x_wconf 63' lang='lat' dir='ltr'><strong>nel</strong></span> <span class='ocrx_word' id='word_1_579' title='bbox 585 2785 705 2814; x_wconf 69' lang='lat' dir='ltr'><strong>margine</strong></span> <span class='ocrx_word' id='word_1_580' title='bbox 723 2785 753 2806; x_wconf 79' lang='lat' dir='ltr'><strong>dt</strong></span> <span class='ocrx_word' id='word_1_581' title='bbox 769 2784 878 2807; x_wconf 56' lang='lat' dir='ltr'><strong>szbnlvtra</strong></span> <span class='ocrx_word' id='word_1_582' title='bbox 897 2784 925 2806; x_wconf 86' lang='lat' dir='ltr'><strong>in</strong></span> <span class='ocrx_word' id='word_1_583' title='bbox 938 2783 978 2806; x_wconf 80' lang='lat' dir='ltr'><strong>A:</strong></span> <span class='ocrx_word' id='word_1_584' title='bbox 993 2783 1110 2807; x_wconf 84' lang='lat' dir='ltr'><strong>Domini</strong></span> <span class='ocrx_word' id='word_1_585' title='bbox 1130 2783 1303 2810; x_wconf 73' lang='lat' dir='ltr'><strong>Marchiones</strong></span> <span class='ocrx_word' id='word_1_586' title='bbox 1324 2784 1479 2807; x_wconf 88' lang='lat' dir='ltr'><strong>habuerunt</strong></span> <span class='ocrx_word' id='word_1_587' title='bbox 1499 2784 1602 2807; x_wconf 81' lang='lat' dir='ltr'><strong>terram</strong></span> <span class='ocrx_word' id='word_1_588' title='bbox 1621 2783 1746 2814; x_wconf 86' lang='lat' dir='ltr'><strong>Argente</strong></span> <span class='ocrx_word' id='word_1_589' title='bbox 1761 2796 1792 2799; x_wconf 93' lang='lat'><strong>—-</strong></span> <span class='ocrx_word' id='word_1_590' title='bbox 1815 2787 1855 2812; x_wconf 86' lang='lat'><strong>15.</strong></span> <span class='ocrx_word' id='word_1_591' title='bbox 1869 2781 2018 2805; x_wconf 82' lang='lat' dir='ltr'><strong>millesimo</strong></span> <span class='ocrx_word' id='word_1_592' title='bbox 2032 2782 2060 2804; x_wconf 84' lang='lat' dir='ltr'><strong>et</strong></span> <span class='ocrx_word' id='word_1_593' title='bbox 2072 2788 2121 2805; x_wconf 86' lang='lat' dir='ltr'><strong>om.</strong></span> <span class='ocrx_word' id='word_1_594' title='bbox 2136 2780 2213 2805; x_wconf 69' lang='lat' dir='ltr'><strong>Mun.</strong></span> 
     </span>
     <span class='ocr_line' id='line_1_48' title="bbox 376 2821 2215 2857; baseline -0.002 -9"><span class='ocrx_word' id='word_1_595' title='bbox 376 2837 407 2842; x_wconf 87' lang='lat'><strong>-·</strong></span> <span class='ocrx_word' id='word_1_596' title='bbox 430 2832 468 2857; x_wconf 91' lang='lat'><strong>19.</strong></span> <span class='ocrx_word' id='word_1_597' title='bbox 489 2825 622 2850; x_wconf 89' lang='lat' dir='ltr'><strong>damnum</strong></span> <span class='ocrx_word' id='word_1_598' title='bbox 643 2826 736 2854; x_wconf 74' lang='lat' dir='ltr'><strong>MUR.;</strong></span> <span class='ocrx_word' id='word_1_599' title='bbox 757 2833 805 2848; x_wconf 86' lang='lat' dir='ltr'><strong>om.</strong></span> <span class='ocrx_word' id='word_1_600' title='bbox 818 2825 841 2848; x_wconf 77' lang='lat' dir='ltr'><em>A</em></span> <span class='ocrx_word' id='word_1_601' title='bbox 858 2839 888 2841; x_wconf 97' lang='lat'><strong>—</strong></span> <span class='ocrx_word' id='word_1_602' title='bbox 904 2831 945 2849; x_wconf 86' lang='lat'><strong>20.</strong></span> <span class='ocrx_word' id='word_1_603' title='bbox 960 2826 1051 2856; x_wconf 79' lang='lat' dir='ltr'><strong>prima</strong></span> <span class='ocrx_word' id='word_1_604' title='bbox 1070 2825 1099 2847; x_wconf 89' lang='lat' dir='ltr'><strong>di</strong></span> <span class='ocrx_word' id='word_1_605' title='bbox 1117 2831 1219 2856; x_wconf 88' lang='lat' dir='ltr'><strong>pueros</strong></span> <span class='ocrx_word' id='word_1_606' title='bbox 1239 2825 1316 2849; x_wconf 69' lang='lat' dir='ltr'><strong>Mun.</strong></span> <span class='ocrx_word' id='word_1_607' title='bbox 1335 2832 1395 2856; x_wconf 74' lang='lat' dir='ltr'><strong>agg.</strong></span> <span class='ocrx_word' id='word_1_608' title='bbox 1408 2826 1436 2848; x_wconf 85' lang='lat' dir='ltr'><strong>et</strong></span> <span class='ocrx_word' id='word_1_609' title='bbox 1449 2838 1481 2842; x_wconf 96' lang='lat'><strong>—</strong></span> <span class='ocrx_word' id='word_1_610' title='bbox 1497 2830 1539 2848; x_wconf 80' lang='lat'><strong>21.</strong></span> <span class='ocrx_word' id='word_1_611' title='bbox 1554 2823 1692 2854; x_wconf 84' lang='lat' dir='ltr'><strong>Bononie]</strong></span> <span class='ocrx_word' id='word_1_612' title='bbox 1714 2823 1907 2847; x_wconf 81' lang='lat' dir='ltr'><strong>Bononienses</strong></span> <span class='ocrx_word' id='word_1_613' title='bbox 1926 2822 2003 2847; x_wconf 70' lang='lat' dir='ltr'><strong>Mun.</strong></span> <span class='ocrx_word' id='word_1_614' title='bbox 2023 2834 2034 2840; x_wconf 97' lang='lat'><em>-</em></span> <span class='ocrx_word' id='word_1_615' title='bbox 2053 2822 2088 2846; x_wconf 88' lang='lat' dir='ltr'><strong>ad</strong></span> <span class='ocrx_word' id='word_1_616' title='bbox 2107 2829 2154 2845; x_wconf 87' lang='lat' dir='ltr'><strong>om.</strong></span> <span class='ocrx_word' id='word_1_617' title='bbox 2173 2821 2215 2848; x_wconf 77' lang='lat' dir='ltr'><strong>A:</strong></span> 
     </span>
     <span class='ocr_line' id='line_1_49' title="bbox 375 2862 2214 2898; baseline -0.002 -8"><span class='ocrx_word' id='word_1_618' title='bbox 375 2874 433 2898; x_wconf 76' lang='lat' dir='ltr'><strong>agg.</strong></span> <span class='ocrx_word' id='word_1_619' title='bbox 454 2867 533 2891; x_wconf 71' lang='lat' dir='ltr'><strong>Mun.</strong></span> <span class='ocrx_word' id='word_1_620' title='bbox 554 2880 587 2884; x_wconf 97' lang='lat'><strong>—</strong></span> <span class='ocrx_word' id='word_1_621' title='bbox 608 2866 648 2891; x_wconf 85' lang='lat'><strong>26.</strong></span> <span class='ocrx_word' id='word_1_622' title='bbox 668 2866 770 2898; x_wconf 84' lang='lat' dir='ltr'><strong>nostri]</strong></span> <span class='ocrx_word' id='word_1_623' title='bbox 793 2867 891 2891; x_wconf 83' lang='lat' dir='ltr'><strong>nostro</strong></span> <span class='ocrx_word' id='word_1_624' title='bbox 911 2866 989 2891; x_wconf 72' lang='lat' dir='ltr'><strong>Mun.</strong></span> <span class='ocrx_word' id='word_1_625' title='bbox 1010 2880 1041 2884; x_wconf 85' lang='lat'><strong>-—</strong></span> <span class='ocrx_word' id='word_1_626' title='bbox 1062 2866 1104 2891; x_wconf 83' lang='lat'><strong>28.</strong></span> <span class='ocrx_word' id='word_1_627' title='bbox 1124 2866 1310 2890; x_wconf 79' lang='lat' dir='ltr'><strong>Brandinxius</strong></span> <span class='ocrx_word' id='word_1_628' title='bbox 1330 2866 1443 2890; x_wconf 73' lang='lat' dir='ltr'><strong>BMUR.</strong></span> <span class='ocrx_word' id='word_1_629' title='bbox 1467 2880 1496 2885; x_wconf 83' lang='lat'><strong>—-</strong></span> <span class='ocrx_word' id='word_1_630' title='bbox 1517 2865 1559 2896; x_wconf 88' lang='lat'><strong>36.</strong></span> <span class='ocrx_word' id='word_1_631' title='bbox 1577 2863 1781 2895; x_wconf 83' lang='lat' dir='ltr'><strong>Bononienses]</strong></span> <span class='ocrx_word' id='word_1_632' title='bbox 1803 2871 1819 2889; x_wconf 84' lang='lat' dir='ltr'><strong>a</strong></span> <span class='ocrx_word' id='word_1_633' title='bbox 1838 2863 2063 2890; x_wconf 83' lang='lat' dir='ltr'><strong>Bononiensibus</strong></span> <span class='ocrx_word' id='word_1_634' title='bbox 2083 2862 2160 2887; x_wconf 80' lang='lat' dir='ltr'><strong>th.</strong></span> <span class='ocrx_word' id='word_1_635' title='bbox 2182 2876 2214 2880; x_wconf 97' lang='lat'><strong>—</strong></span> 
     </span>
    </p>
   </div>
   <div class='ocr_carea' id='block_1_5' title="bbox 376 2908 1280 2940">
    <p class='ocr_par' dir='ltr' id='par_1_8' title="bbox 376 2908 1280 2940">
     <span class='ocr_line' id='line_1_50' title="bbox 376 2908 1280 2940; baseline 0 -7"><span class='ocrx_word' id='word_1_636' title='bbox 376 2915 418 2939; x_wconf 90' lang='lat'><strong>40.</strong></span> <span class='ocrx_word' id='word_1_637' title='bbox 438 2908 569 2933; x_wconf 84' lang='lat' dir='ltr'><strong>dominus</strong></span> <span class='ocrx_word' id='word_1_638' title='bbox 587 2909 700 2940; x_wconf 77' lang='lat' dir='ltr'><strong>ripetuto</strong></span> <span class='ocrx_word' id='word_1_639' title='bbox 719 2909 748 2932; x_wconf 84' lang='lat' dir='ltr'><strong>in</strong></span> <span class='ocrx_word' id='word_1_640' title='bbox 767 2909 846 2933; x_wconf 72' lang='lat' dir='ltr'><strong>Mun.</strong></span> <span class='ocrx_word' id='word_1_641' title='bbox 867 2922 899 2925; x_wconf 97' lang='lat'><strong>—</strong></span> <span class='ocrx_word' id='word_1_642' title='bbox 919 2915 960 2940; x_wconf 80' lang='lat'><strong>44.</strong></span> <span class='ocrx_word' id='word_1_643' title='bbox 981 2908 1073 2933; x_wconf 86' lang='lat' dir='ltr'><strong>dictos</strong></span> <span class='ocrx_word' id='word_1_644' title='bbox 1092 2916 1140 2932; x_wconf 89' lang='lat' dir='ltr'><strong>om.</strong></span> <span class='ocrx_word' id='word_1_645' title='bbox 1160 2908 1185 2931; x_wconf 88' lang='lat' dir='ltr'><em>B</em></span> <span class='ocrx_word' id='word_1_646' title='bbox 1204 2908 1280 2933; x_wconf 82' lang='lat' dir='ltr'><strong>MUR.</strong></span> 
     </span>
    </p>
   </div>
   <div class='ocr_carea' id='block_1_6' title="bbox 464 2993 1025 3025">
    <p class='ocr_par' dir='ltr' id='par_1_9' title="bbox 464 2993 1025 3025">
     <span class='ocr_line' id='line_1_51' title="bbox 464 2993 1025 3025; baseline -0.004 -6"><span class='ocrx_word' id='word_1_647' title='bbox 464 2993 471 3009; x_wconf 93' lang='lat'>¹</span> <span class='ocrx_word' id='word_1_648' title='bbox 493 2993 581 3019; x_wconf 76' lang='lat' dir='ltr'><strong>Cento</strong></span> <span class='ocrx_word' id='word_1_649' title='bbox 603 3002 617 3018; x_wconf 86' lang='lat' dir='ltr'><strong>a</strong></span> <span class='ocrx_word' id='word_1_650' title='bbox 638 2993 670 3025; x_wconf 81' lang='lat'><strong>36</strong></span> <span class='ocrx_word' id='word_1_651' title='bbox 690 2995 738 3018; x_wconf 85' lang='lat' dir='ltr'><strong>kil.</strong></span> <span class='ocrx_word' id='word_1_652' title='bbox 759 2994 826 3019; x_wconf 89' lang='lat' dir='ltr'><strong>S-O.</strong></span> <span class='ocrx_word' id='word_1_653' title='bbox 847 2994 881 3018; x_wconf 81' lang='lat' dir='ltr'><strong>da</strong></span> <span class='ocrx_word' id='word_1_654' title='bbox 901 2994 1025 3019; x_wconf 85' lang='lat' dir='ltr'><strong>Ferrara.</strong></span> 
     </span>
    </p>
   </div>
  </div>
 </body>
</html>
