2360 3603
177 1251 195 1264 ί.
214 1250 250 1264 121
260 1251 273 1263 Γ

161 1716 226 1737 Mun.
240 1721 277 1739 447

363 259 430 294 158
983 259 1297 294 CHRONICON
1328 259 1556 294 ESTENSE
2015 266 2066 301 [A.
2087 267 2178 301 13471

356 389 452 426 dani;
478 395 511 421 et
535 388 655 421 eodem
681 390 737 420 die
761 389 934 421 relaxatus
957 397 1008 422 est
1031 389 1213 421 prefectus
1238 390 1359 425 libere3
1385 396 1499 422 tamen
1523 390 1629 421 filium
1655 391 1728 421 eius
1752 400 1829 421 cum
1849 400 1910 422 XVI
1934 391 2010 422 aliis
2033 391 2179 423 homini-

355 441 416 473 bus
439 441 636 474 carceribus
659 442 790 473 recludi
822 441 911 479 fecit,
942 449 976 474 et
1007 443 1146 484 insuper
1177 442 1369 479 dicebatur,
1399 442 1492 484 quod
1524 442 1682 474 Vicarius
1712 442 1888 484 predictus
1919 443 2066 482 dixerat,
2088 444 2182 486 quod

355 500 537 526 conaretur
557 494 721 526 scandala
744 495 886 526 mictere
910 496 999 527 inter
1023 495 1211 532 Romanos,
1235 500 1272 526 ut
1295 505 1330 526 se
1355 495 1449 536 ipsos
1471 495 1676 527 occiderent
1703 495 1845 537 gladiis:
1869 506 1911 527 ex
1932 506 2000 538 quo
2024 497 2177 529 turbatus

355 553 404 578 est
426 553 545 578 contra
569 557 645 578 eum
669 547 814 588 populus
837 549 1068 584 vehementer,
1094 554 1128 579 et
1153 547 1396 579 desiderabant
1419 547 1604 580 adventum
1628 548 1717 590 regis
1740 548 1893 590 Ungarie
1919 555 1983 580 etc.

441 600 504 631 Die
529 600 615 631 iovis
640 600 722 631 XI11⁰
742 601 933 632 decembris
958 607 1057 632 nocte
1074 600 1349 642 superveniente,
1365 600 1578 642 stipendiarii
1602 602 1756 632 forenses
1780 601 1907 632 domini
1923 601 2069 633 Tribuni
2085 602 2180 643 equi·
2226 602 2243 633 5

357 659 515 684 taverunt
540 659 685 685 castrum
711 655 882 685 Marinum
907 660 940 685 et
965 660 1131 695 ceperunt
1159 653 1282 685 bestias
1306 659 1340 685 et
1371 653 1447 691 alia,
1480 660 1513 686 et
1545 654 1717 686 conducta
1749 654 1857 686 Rome
1889 654 2064 687 Tribunus
2095 655 2181 687 fecit

355 706 485 737 restitui
507 717 612 748 equos
636 713 669 738 et
693 718 786 739 arma
810 708 972 739 Prefecto
996 714 1061 739 etc·

438 759 502 790 Die
526 759 634 791 sabati
659 761 722 791 xv⁰
745 760 827 792 dicti
852 761 989 792 mensis.
1014 766 1150 801 reperta
1173 760 1238 791 fuit
1262 761 1410 802 quedam
1442 760 1562 792 lietera
1585 771 1689 801 super
1719 767 1817 802 porta
1848 762 1958 793 sancti
1989 760 2114 803 Angeli
2138 771 2180 792 ex

355 819 450 853 parte
473 812 568 844 Luce
592 814 635 844 de
660 813 813 850 Savellis‚
838 814 1036 855 precipiens
1059 813 1178 845 amicis
1202 813 1280 852 suis,
1304 814 1396 856 quod
1419 814 1512 844 infra
1529 819 1684 855 quartum
1703 814 1792 845 diem
1810 820 2050 855 comparerent
2065 824 2180 846 coram

353 865 427 906 ipso
451 866 694 907 personaliter:
719 867 812 908 quod
843 866 1049 908 perveniens
1079 867 1124 897 ad
1155 866 1312 897 notitiam
1344 866 1504 903 Tribuni,
1535 867 1712 898 mandavit
1742 867 1954 898 marescalco
1979 867 2063 904 eius,
2087 867 2180 909 quod
2208 867 2244 898 10

354 917 480 950 dietam
506 919 667 960 scriptam
692 920 877 951 dilaniaret
900 925 934 951 et
958 919 1042 950 alias
1064 919 1209 960 scriptas
1226 926 1394 960 aponeret
1410 919 1469 950 tali
1485 919 1613 951 forma:
1640 930 1696 951 nos
1714 919 1898 951 Niccolaus
1914 920 2007 951 miles
2023 924 2055 950 et
2069 925 2182 952 rector

353 974 419 1013 pro
442 972 574 1002 domino
597 976 707 1004 nostro
731 973 845 1015 Papa,
870 973 1065 1003 mandamus
1080 972 1171 1004 Luce
1194 973 1235 1003 de
1252 972 1406 1013 Sabellis,
1431 973 1587 1014 quatinus
1609 973 1706 1015 infra
1730 974 1864 1004 tertium
1880 973 1967 1004 diem
1984 976 2181 1016 comparere

354 1025 470 1055 debeat
485 1036 597 1057 coram
613 1026 714 1062 nobis,
737 1026 932 1068 significans
957 1025 988 1057 ei
1011 1025 1243 1068 ignorantiam
1267 1035 1326 1056 sue
1349 1026 1530 1067 scripture,
1556 1032 1589 1057 et
1612 1026 1640 1057 si
1663 1026 1731 1057 hoc
1755 1036 1824 1057 non
1848 1026 2065 1067 adimpleret,
2081 1026 2180 1057 mise-

354 1077 535 1109 ricordiam
561 1090 630 1110 non
653 1085 807 1120 speraret
831 1090 848 1110 a
872 1078 1042 1110 Tribuno:
1068 1079 1163 1110 cuius
1186 1079 1235 1110 rei
1254 1088 1356 1110 causa
1373 1079 1529 1120 detenpti
1546 1079 1685 1110 fuerunt
1701 1079 1839 1120 quidam
1856 1079 2010 1111 homines
2025 1090 2088 1121 per
2109 1090 2181 1111 ma-

353 1131 543 1163 rescalcum
571 1131 656 1163 dicti
687 1132 849 1167 Tribuni3
882 1138 915 1163 et
939 1132 1050 1163 dictus
1081 1128 1325 1162 marescalcus*
1343 1131 1376 1162 in
1402 1131 1561 1173 captione
1585 1132 1819 1173 predictorum
1850 1132 1964 1163 fuerat
1986 1132 2139 1163 offensus
2162 1142 2181 1162 a
2207 1129 2244 1162 15

356 1184 481 1214 comite
506 1183 550 1215 de
574 1183 663 1216 Vico
687 1190 721 1215 et
745 1185 853 1215 fratre
876 1186 964 1219 suo;'
989 1194 1094 1226 quare
1111 1184 1287 1215 Tribunus
1311 1184 1411 1215 citari
1434 1184 1519 1215 tecit
1537 1184 1696 1215 comitem
1714 1183 1927 1216 Palatinum¹
1945 1185 2086 1216 fratrem
2103 1194 2180 1225 pre-

354 1235 537 1273 dictorum,
562 1236 621 1278 qui
650 1237 716 1267 iam
742 1242 1013 1279 congregaverat
1036 1242 1157 1279 gentes
1181 1247 1267 1274 suas,
1291 1242 1327 1268 ut
1350 1236 1416 1268 iret
1439 1235 1611 1278 Apuliam.
1657 1237 1758 1268 Tunc
1783 1236 1963 1281 (jordanus
1994 1237 2037 1269 de
2061 1237 2181 1268 Monte

354 1289 472 1320 volens
502 1288 662 1330 Apuliam
694 1289 829 1332 ingredi
854 1290 897 1321 ad
921 1289 1105 1330 stipendia,
1129 1290 1263 1330 recepit
1287 1300 1328 1320 ex
1362 1299 1464 1320 causa
1494 1290 1600 1321 mutui
1632 1301 1652 1321 a
1682 1290 1839 1331 predicto
1871 1289 2004 1321 Comite
2031 1289 2180 1321 florenos

354 1347 489 1373 centum
513 1342 598 1379 auri,
622 1348 655 1374 et
685 1348 722 1374 ut
745 1343 820 1374 dari
845 1348 880 1374 et
902 1342 988 1374 solvi
1013 1348 1130 1384 posset
1154 1342 1227 1373 aliis
1251 1342 1497 1383 stipendiariis,
1530 1352 1614 1384 quos
1638 1342 1793 1373 invenire
1818 1348 1941 1384 posset.
1988 1342 2179 1386 (jordanus,

353 1395 475 1426 videns
498 1395 665 1427 Comitem
690 1396 893 1438 congregari
916 1395 1001 1426 alias
1023 1402 1156 1438 gentes,
1180 1395 1292 1426 timuit
1316 1405 1384 1427 non
1409 1395 1526 1436 decipi
1550 1406 1570 1426 a
1593 1395 1745 1432 Comite3
1779 1402 1812 1426 et
1844 1396 1922 1427 ideo
1952 1396 2041 1427 fecit
2071 1395 2179 1436 ipsum
2204 1396 2245 1426 20

353 1447 511 1485 detineri,
534 1454 570 1479 ut
595 1458 708 1489 supra,
733 1454 766 1479 et
789 1458 908 1480 causas
932 1447 1106 1490 querebat,
1130 1454 1167 1479 ut
1190 1448 1395 1489 impotentia
1418 1448 1566 1480 Tribuni
1599 1448 1709 1490 ipsum
1733 1449 1902 1487 micteret,
1931 1449 1974 1480 de
2006 1458 2072 1491 quo
2104 1457 2181 1489 per-

351 1499 507 1541 pendens
530 1500 654 1533 Comes
678 1502 720 1533 de
745 1501 851 1542 ipsius
874 1501 1077 1540 intentione,
1109 1511 1267 1532 reversus
1298 1506 1348 1532 est
1380 1501 1492 1532 statim
1524 1502 1661 1533 domum
1693 1511 1787 1532 suam
1818 1502 1854 1532 in
1886 1507 2042 1533 contrata
2071 1501 2180 1533 sancti

352 1552 460 1591 Pauli,
485 1560 518 1585 et
541 1553 670 1595 pulsari
696 1554 780 1585 fecit
805 1564 999 1596 campanas,
1024 1559 1056 1585 et
1072 1553 1248 1586 Tribunus
1264 1553 1436 1585 similiter:
1455 1560 1667 1596 quapropter
1682 1564 1798 1585 rumor
1815 1554 1981 1585 maximus
1997 1564 2059 1596 per
2075 1560 2180 1586 totam

355 1606 528 1638 civitatem
552 1607 664 1638 factus
689 1613 748 1638 est.

441 1658 541 1691 Tunc
565 1659 740 1691 Tribunus
764 1659 889 1691 direxit
913 1659 1050 1691 domino
1081 1659 1207 1691 Comiti
1239 1670 1339 1690 unam
1373 1659 1573 1691 banderiam
1605 1659 1920 1701 stipendiariorum,
1951 1665 1988 1692 ut
2011 1666 2180 1702 caperent
2204 1660 2245 1691 25

356 1711 484 1742 dictum
501 1712 669 1743 Comitem
687 1712 890 1753 palatinum3
905 1718 956 1743 set
968 1711 1091 1744 Comes
1108 1712 1264 1744 conflixit
1279 1712 1374 1748 illos;
1390 1718 1425 1743 et
1441 1712 1647 1743 interfectus
1665 1718 1714 1744 est
1732 1711 1930 1754 Scar'pecta
1943 1722 2061 1744 eorum
2078 1722 2180 1744 cone-

354 1764 484 1796 stabilis
507 1765 737 1797 theotonicus.
762 1765 863 1797 Tunc
879 1765 1055 1796 Tribunus
1076 1765 1225 1797 adcessit
1241 1764 1506 1806 Campidolium,
1522 1764 1582 1796 ubi
1598 1765 1690 1796 stetit
1706 1775 1813 1807 usque
1830 1765 1874 1796 ad
1892 1771 2044 1807 quartam
2062 1765 2181 1797 horam

353 1818 463 1849 noctis
487 1828 563 1849 curn
588 1819 739 1860 quinque
766 1817 940 1849 banderiis
964 1819 1126 1860 equitum,
1150 1824 1184 1849 et
1207 1818 1329 1849 videns
1361 1818 1453 1860 quod
1485 1818 1628 1860 aliquod
1659 1818 1822 1849 auxilium
1853 1819 1997 1850 aliarum
2029 1819 2181 1862 gentium

355 1881 422 1901 non
446 1870 606 1907 habebat,
630 1872 772 1903 recessit
796 1871 891 1909 inde,
916 1878 949 1903 et
971 1872 1145 1913 ingressus
1169 1877 1221 1902 est
1244 1871 1400 1903 Castrum
1425 1871 1535 1903 sancti
1558 1871 1696 1913 Angeli‚
1714 1872 1772 1903 ubi
1788 1882 1850 1913 per
1867 1871 1990 1903 multos
2014 1872 2087 1904 dies
2109 1882 2180 1903 mo-

355 1929 447 1954 ratus
470 1929 530 1955 est.
2203 1925 2245 1955 30

444 1977 507 2008 Die
530 1977 608 2008 lune
635 1978 726 2008 xvr1⁰
749 1977 874 2009 mensis
898 1976 1103 2014 decembris,
1126 1977 1271 2019 aplicuit
1295 1978 1443 2009 Romam
1470 1977 1628 2009 dominus
1652 1977 1848 2019 Stephanus
1866 1979 1909 2010 de
1926 1978 1959 2010 la
1975 1978 2180 2020 Columpna,

354 2036 386 2062 et
409 2031 521 2062 statim
546 2041 607 2072 per
630 2036 734 2063 totam
760 2031 936 2063 civitatem
968 2030 1103 2072 bapniri
1132 2031 1228 2069 fecit,
1259 2036 1297 2062 ut
1327 2041 1427 2062 nemo
1458 2037 1682 2072 presumeret,
1713 2037 1770 2062 aut
1802 2037 1892 2063 esset
1922 2032 2034 2063 audax
2065 2031 2181 2074 frangi

355 2094 474 2124 pacem
499 2084 625 2115 factam
649 2084 738 2116 inter
762 2084 884 2115 multos
911 2095 975 2125 per
1006 2085 1179 2115 dominum
1204 2084 1408 2115 Niccolaum
1434 2083 1608 2115 Laurentii
1639 2083 1810 2115 tribunum
1844 2084 1936 2121 olim,
1968 2085 2048 2127 quia
2077 2085 2183 2116 multa

354 2137 441 2168 mala
466 2143 499 2167 et
515 2137 677 2169 scandala
695 2143 882 2169 consecuta
899 2137 1043 2169 fuissent
1058 2137 1167 2173 aliter,
1185 2144 1219 2168 et
1234 2137 1326 2168 inter
1342 2137 1466 2169 multos
1481 2147 1602 2178 pacem
1621 2138 1841 2169 commiserat
1857 2137 1971 2169 dictus
1987 2137 2183 2169 Niccolaus.

442 2189 572 2221 Eodem
597 2190 787 2228 millesimo,
812 2191 867 2222 die
893 2190 1016 2221 xxu11⁰
1039 2191 1164 2221 mensis
1189 2189 1393 2222 decembris.
1440 2190 1608 2221 Dominus
1633 2190 1741 2221 Dinus
1764 2190 1808 2221 de
1831 2190 1864 2221 la
1889 2190 2011 2222 Rocca
2034 2190 2180 2221 honora·
2203 2189 2247 2222 35

355 2242 432 2274 bilis
456 2243 539 2274 civis
563 2243 722 2274 Pixarum
747 2243 870 2275 volens
893 2243 1075 2285 acquirere
1101 2243 1288 2275 dominium
1313 2243 1405 2274 dicte
1431 2242 1592 2280 civitatis,
1617 2243 1766 2285 quadam
1790 2243 1844 2274 die
1868 2253 1944 2274 cum
1975 2243 2178 2285 quibusdam

355 2296 514 2338 gentibus
538 2297 658 2328 domus
681 2307 740 2328 sue
766 2303 800 2328 et
823 2297 976 2331 aliarum,
1001 2297 1105 2328 etiam
1123 2306 1200 2327 cum
1217 2297 1399 2337 capitaneo
1417 2296 1509 2327 dicte
1527 2295 1684 2332 civitatis,
1702 2296 1760 2337 qui
1779 2296 1920 2328 fovebat
1943 2301 2076 2337 partem
2095 2295 2182 2328 dicti

359 2349 485 2380 domini
511 2349 600 2386 Diui,
625 2355 851 2380 cucurrerunt
873 2350 917 2381 ad
939 2361 1043 2381 arma.
1089 2349 1190 2381 Tunc
1215 2349 1436 2380 adcesserunt
1461 2348 1508 2380 ibi
1533 2349 1600 2380 duo
1624 2348 1848 2380 honorabiles
1872 2349 1963 2380 cives
1986 2348 2182 2391 populares,

356 2403 412 2443 qui
437 2402 550 2444 aliquo
575 2403 677 2434 modo
701 2403 862 2434 nolebant
887 2403 990 2434 talem
1015 2402 1294 2440 dominationem,
1319 2409 1353 2434 et
1377 2413 1453 2434 cum
1485 2401 1632 2433 maxima
1664 2402 1852 2444 quantitate
1884 2402 2062 2434 hominum
2086 2401 2181 2434 dicte
2205 2403 2246 2433 40

354 2455 503 2487 civitatis
527 2462 658 2488 armata
681 2467 783 2487 manu
807 2457 1032 2488 adcesserunt
1055 2456 1175 2487 domos
1200 2456 1284 2487 dicti
1309 2455 1441 2487 domini
1465 2455 1546 2486 Dini
1570 2461 1605 2487 et
1634 2465 1782 2493 suorum,
1813 2462 1846 2487 et
1869 2456 1961 2496 ipsas
1985 2455 2182 2486 comburse-

355 2514 433 2539 runt
457 2518 563 2550 usque
587 2509 631 2540 ad
657 2509 892 2546 fundamenta,
917 2515 950 2540 et
974 2509 1146 2540 dominum
1172 2509 1297 2540 Dinum
1322 2515 1356 2540 et
1379 2519 1457 2540 suos
1481 2509 1701 2549 expulserunt
1718 2515 1813 2540 extra
1831 2509 2020 2544 civitatem;
2045 2507 2182 2540 nomina

357 2571 512 2602 quorum,
538 2561 713 2593 Andream
739 2562 781 2593 de
806 2562 1058 2599 Gambacurtis,
1084 2560 1238 2593 Cechum
1263 2560 1392 2592 Alliata
1415 2566 1480 2592 etc.
1496 2560 1517 2592 ².

447 2684 467 2701 1.
487 2678 629 2702 Perfectus
650 2678 673 2701 A
687 2678 711 2701 Β
728 2691 760 2695 -
780 2685 803 2710 7.
824 2678 954 2702 Perfecto
975 2679 1036 2702 AB
1059 2692 1087 2695 —
1111 2685 1150 2709 14.
1171 2678 1283 2709 quidem
1304 2678 1365 2701 ΑΒ
1385 2691 1416 2694 —
1441 2684 1479 2709 15.
1499 2677 1582 2709 dicti]
1603 2677 1713 2700 domini
1734 2677 1758 2700 B
1774 2676 1852 2701 Mun.
1871 2689 1882 2695 -
1903 2675 2106 2710 predictorum]
2122 2684 2182 2708 pre-

357 2719 432 2742 dicta
453 2719 531 2743 Μυκ.
552 2733 580 2736 -
606 2719 691 2750 16-17.
712 2719 914 2753 predictorum]
936 2721 1055 2751 predicti
1077 2721 1155 2745 Mus.
1173 2718 1206 2737 ¹-
1228 2726 1268 2744 20.
1288 2727 1459 2751 congregare
1479 2719 1556 2743 Mun.
1579 2733 1606 2737 —
1631 2718 1671 2743 26.
1691 2719 1857 2750 paladinum
1872 2720 1896 2743 A
1911 2733 1941 2736 -
1957 2726 1997 2749 27.
2011 2720 2046 2743 ad
2060 2728 2107 2743 om.
2122 2720 2181 2743 AB

361 2775 390 2778 —
410 2767 452 2791 32.
473 2761 599 2793 frangere
619 2769 688 2785 corr.
708 2762 786 2786 Mun.
806 2775 837 2779 —
858 2768 900 2794 37.
920 2761 1017 2793 etiam]
1037 2764 1064 2785 et
1083 2762 1162 2786 Muu.
1182 2775 1213 2779 —
1234 2768 1275 2792 41.
1295 2761 1509 2785 combusserunt
1527 2769 1596 2785 corr.
1616 2761 1695 2786 MUR.

445 2861 451 2877 ¹
474 2862 485 2874 ¹⁴
498 2863 551 2886 Era
571 2864 601 2886 in
622 2864 718 2895 quello
738 2864 844 2896 tiempo
865 2872 878 2888 a
898 2863 989 2888 Roma
1009 2868 1066 2887 uno
1086 2865 1169 2887 conte
1184 2870 1243 2887 cac·
1299 2863 1507 2887 Fonrzmoemx
1528 2863 1730 2892 scribasenatO,
1752 2862 1915 2891 Braeciano,
1937 2862 2010 2886 1621.

317 2912 327 2919 -
359 2904 456 2927 “ciato
477 2906 511 2928 da
525 2905 553 2929 lo
568 2906 680 2938 regnio:
696 2908 813 2930 missore
826 2907 907 2930 Ianni
928 2906 1034 2938 Pipino
1050 2913 1131 2930 nome
1145 2906 1241 2935 havea,
1385 2903 1395 2920 ²
1414 2905 1457 2928 Da
1477 2905 1595 2936 qualche
1614 2911 1690 2928 anno
1710 2904 1861 2928 dominava
1884 2906 1912 2928 in
1933 2904 1998 2927 Pisa
2011 2904 2037 2927 la
2055 2903 2183 2935 famiglia
2217 2912 2246 2930 10

359 2946 518 2977 “paladino
550 2947 582 2971 (le
614 2949 774 2978 Altamura,
802 2951 885 2972 conte
914 2949 941 2972 di
974 2949 1243 2978 Minorbino....„.
1298 2948 1379 2971 Della
1401 2948 1605 2977 Gherardesca3
1629 2949 1720 2970 morto
1742 2947 1785 2970 nel
1809 2954 1871 2978 1342
1894 2947 1914 2970 il
1930 2949 2014 2970 conte
2028 2946 2112 2970 Fazio
2126 2946 2184 2969 Do-

362 2988 421 3012 Vt'ta
436 2990 464 3011 di
478 2990 542 3012 Cala
557 2990 586 3012 di
601 2991 700 3013 Rienw
715 2991 817 3013 tribuno
832 2992 981 3020 ‹lelpopolo
1004 2991 1129 3019 Romano,
1144 2991 1243 3013 scritta
1299 2990 1437 3019 noratico,
1456 2997 1546 3012 venne
1567 2990 1715 3012 nominato
1735 2990 1865 3020 capitano
1884 2989 2013 3021 generale
2033 2989 2062 3012 di
2081 2989 2145 3012 Pisa
2171 2996 2184 3012 e

358 3031 386 3052 in
416 3030 513 3060 lingua
541 3031 654 3061 volgare
679 3039 795 3054 romana
815 3032 844 3055 di
870 3031 963 3062 quella
987 3029 1032 3055 eta
1058 3031 1091 3055 da
1117 3032 1242 3055 TOMASO
1299 3031 1325 3054 di
1347 3031 1437 3054 Lucca
1460 3031 1479 3054 11
1500 3031 1581 3062 figlio
1602 3031 1630 3054 di
1652 3031 1691 3054 lui
1710 3031 1850 3054 fanciullo
1870 3031 1966 3054 d'anni
1989 3037 2028 3058 xo,
2042 3037 2087 3054 ma
2102 3030 2122 3054 il
2135 3038 2184 3061 go-
