2360 3603
55 578 71 610 5

38 841 74 871 10

38 1102 74 1133 15

35 1631 74 1660 25

37 1895 77 1926 30

26 2157 66 2188 35

44 2811 73 2827 Η)

725 238 1035 274 CHRONICON
1064 238 1230 274 ESTEN
1235 237 1293 273 SE

95 247 146 281 [A.
168 247 260 279 1345]

95 370 224 408 amicis,
247 370 409 400 miserunt
424 380 487 411 pro
512 370 576 401 illis
593 371 636 401 de
662 370 767 401 Lucio
792 376 824 401 et
848 370 890 401 de
907 369 1028 411 Praga,
1046 375 1079 401 et
1101 369 1176 400 aliis
1199 369 1378 400 maioribus
1403 369 1532 400 civibus
1555 370 1684 406 Padue,
1699 369 1925 410 dixeruntque

96 421 162 452 eis:
194 422 307 453 Videte
329 433 439 452 omnes
463 423 510 453 lbi
531 423 697 453 dominum
724 423 967 453 ,llarsiliectum
992 427 1167 462 mortuum,
1185 426 1217 452 et
1238 423 1493 453 dominationem
1509 426 1573 464 pro
1597 422 1687 453 nobis
1710 422 1866 456 volumus,
1884 422 1929 450 ml

97 475 185 515 qnod
204 475 236 505 si
257 475 354 505 vultis
376 485 444 506 esse
467 475 614 515 benz'volz}
640 486 695 505 vos
717 476 864 506 volumus
885 478 989 517 super
1005 476 1086 506 alios
1109 476 1196 506 cives
1218 475 1380 506 exaltari:
1404 476 1435 505 si
1455 486 1526 514 non,
1552 475 1652 506 aliter
1674 475 1927 516 procurabimus

86 526 221 569 fizcero.
269 525 338 563 Qui
363 527 762 570 responderuntzfacere
779 528 923 559 volamus
939 529 1028 569 quod
1043 528 1130 558 vobis
1152 528 1272 569 placet,
1289 531 1464 570 postquam
1481 528 1530 558 ita
1546 532 1602 559 est.
1649 528 1748 558 Tunc
1765 526 1926 557 miserunt

94 589 157 620 pro
181 579 254 609 aliis
278 580 543 611 comestabilibus
567 581 770 621 equestrium
796 586 829 611 et
859 580 1025 621 peditum,
1051 580 1279 621 dixeruntque
1302 580 1383 611 illis:
1407 580 1572 611 Dominus
1595 580 1823 611 sllarsz‘lzectus
1839 589 1926 608 mor-

97 635 171 662 tuus
194 636 249 672 est,
275 636 306 662 et
329 632 585 663 dominationem
609 632 756 662 volumus
779 633 813 662 in
845 632 956 672 nobis;
987 632 1097 662 izo-ate
1120 642 1208 673 orgo
1239 632 1296 662 sub
1328 632 1427 669 nobis,
1452 633 1530 673 qnia
1565 633 1712 663 volumus
1734 642 1790 662 vos
1819 641 1927 661 omncs

96 684 268 724 honoram)-
292 690 325 715 et
347 685 452 715 multa
476 684 541 715 alia
557 684 751 716 obtulerunt
774 685 940 716 omnibus.
981 683 1097 720 Quare
1123 684 1256 715 nobiles
1281 684 1382 721 cives,
1402 684 1630 716 conestabiles
1653 691 1685 715 et
1709 684 1767 715 alii
1784 693 1927 715 consen-

96 735 220 766 tierunt
235 735 364 767 verbis'
382 736 516 767 illorum
534 736 690 769 fratrum:
709 741 742 767 et
757 736 824 767 hoc
842 736 972 767 accidit
985 742 1125 776 propter
1138 736 1317 766 maximam
1331 735 1556 777 cupiditatem
1570 737 1699 768 domini
1712 735 1925 767 Marsiliecti.

96 787 198 819 Unde
224 787 309 819 dicti
332 788 481 830 Jacobus
505 795 538 819 et
560 789 748 830 Jacopinus
771 788 904 826 fratres,
930 788 985 819 die
1012 788 1192 825 dominico,
1207 788 1249 819 de
1274 799 1384 826 mane,
1409 789 1451 819 ad
1475 799 1577 820 voces
1600 789 1718 830 populi
1741 787 1928 819 confirmati

97 846 173 871 sunt
196 840 326 871 domini
351 841 442 872 dicte
468 840 617 872 civitatis
641 840 768 872 Padue.

185 893 317 924 Eodem
342 893 517 925 millesimo
535 899 568 924 et
584 902 698 924 mense
715 893 852 934 aprelis.
876 893 1042 924 Dominus
1058 893 1209 924 marchio
1226 893 1477 925 Montisferrati
1493 892 1500 909 ¹
1518 894 1679 934 preliatus
1696 900 1744 924 est
1762 903 1836 924 cum
1853 893 1927 923 Ma-

97 945 250 976 rescalco
276 946 401 978 domini
425 946 513 988 regis
537 945 725 977 Andreaxii
742 946 784 976 de
811 946 954 987 Apulia3
980 956 1084 987 quare
1110 955 1151 976 ex
1175 951 1317 987 utraque
1341 952 1436 986 parte
1459 946 1554 976 multi
1578 946 1699 978 mortui
1727 952 1813 977 sunt.
1859 945 1928 976 Ta-

98 1006 175 1028 men
198 998 355 1029 Marchio
379 998 555 1039 predictus
579 997 723 1029 obtinuit
748 1008 824 1029 cum
849 998 925 1034 suis,
951 1003 983 1028 et
1008 997 1180 1038 superavit
1204 997 1305 1034 alios;
1330 997 1563 1029 Marescalcus
1586 1007 1667 1029 vero
1691 1004 1841 1030 mortuus
1864 997 1929 1027 fuit

97 1050 133 1081 in
156 1050 249 1081 dicto
272 1050 383 1092 prelio
396 1049 419 1082 ².

186 1103 319 1134 Eodem
342 1103 535 1142 millesimo,
547 1103 602 1134 die
628 1112 731 1134 xvnn
755 1103 878 1134 mensis
902 1103 1017 1134 madii.
1043 1102 1177 1134 Nobilis
1200 1102 1251 1133 vir
1274 1103 1454 1134 Rolandus
1478 1102 1620 1134 Rubeus
1637 1103 1679 1134 de
1704 1103 1828 1134 Parma
1844 1103 1927 1135 obiit

99 1156 133 1186 in
157 1155 295 1187 civitate
319 1155 436 1187 Padue
449 1154 470 1187 ³.

185 1208 317 1240 Eodem
340 1208 532 1245 millesimo,
556 1219 671 1240 mense
697 1214 730 1239 et
755 1208 822 1246 die,
848 1207 973 1240 nobilis
996 1208 1098 1239 milex
1124 1207 1281 1239 dominus
1303 1208 1399 1239 Thor
1424 1209 1468 1239 de
1492 1208 1620 1240 Panico
1648 1214 1798 1239 mortuus
1822 1208 1886 1239 fuit
1910 1219 1929 1238 a

99 1261 268 1292 Niccolao
292 1262 335 1293 de
360 1261 543 1303 Gragnano
567 1262 611 1293 ad
634 1267 774 1302 pontem
798 1261 924 1303 Bacani
938 1260 949 1277 4
973 1261 1007 1291 in
1024 1260 1256 1303 Garfagnana.

187 1314 317 1345 Eodem
335 1314 512 1346 millesimo
530 1320 563 1346 et
578 1324 705 1346 mense.
730 1313 802 1345 Pax
825 1314 917 1345 facta
942 1319 992 1345 est
1015 1313 1103 1345 inter
1126 1313 1298 1344 dominum
1322 1313 1515 1344 Luchinum
1542 1314 1800 1352 Vicecomitem‚
1822 1314 1929 1345 domi-

100 1377 179 1397 num
202 1367 403 1404 Mediolani,
427 1372 460 1398 et
483 1376 627 1398 comune
652 1367 827 1403 Pixarum;
854 1373 887 1397 et
910 1366 1030 1397 Pixani
1049 1365 1174 1397 debent
1191 1365 1221 1395 ei
1245 1366 1380 1397 tradere
1399 1365 1442 1396 ad
1466 1377 1525 1397 sua
1548 1366 1765 1407 beneplacita
1782 1376 1845 1398 ccc
1870 1366 1930 1396 mi-

99 1419 176 1450 lites
199 1419 234 1450 in
258 1419 441 1450 subsidium
466 1430 525 1450 sue
547 1430 671 1462 guerre
696 1425 762 1451 etc.

187 1472 319 1503 Eodem
343 1471 522 1503 millesimo
546 1472 580 1503 in
613 1472 667 1503 die
692 1472 821 1504 Pasce.
836 1496 843 1503 .
858 1496 866 1503 .
881 1471 913 1503 ‚⁵
938 1471 1094 1503 dominus
1117 1481 1205 1512 papa
1229 1471 1387 1503 Clemens
1411 1472 1446 1502 in
1470 1471 1609 1513 publico
1634 1471 1844 1503 Consistorio
1874 1482 1930 1503 ce-

100 1524 182 1555 cinit
205 1524 348 1562 missam‚
373 1524 488 1566 ibique
513 1525 724 1556 confirmavit
747 1523 991 1567 Dalphynum⁶
1008 1525 1050 1555 de
1075 1524 1209 1555 Vienna
1233 1524 1355 1555 ducem
1372 1530 1405 1555 et
1423 1525 1635 1565 capitaneum
1661 1524 1810 1555 omnium
1834 1524 1932 1555 Chri-

100 1577 284 1608 stianorum
308 1577 493 1609 volentium
518 1577 659 1609 transire
677 1578 764 1608 ultra
787 1587 879 1609 mare
898 1582 1017 1609 contra
1040 1576 1206 1613 Turclos3
1232 1577 1289 1618 qui
1313 1588 1404 1618 papa
1428 1577 1522 1608 dedit
1539 1577 1570 1608 ei
1594 1583 1662 1608 tres
1685 1576 1878 1614 banderias,
1900 1576 1932 1606 in

99 1640 166 1660 una
189 1640 330 1671 quarum
353 1630 513 1672 figuratus
537 1635 609 1661 erat
633 1629 790 1661 Christus
813 1629 1013 1661 benedictus
1038 1629 1227 1668 crucifixus,
1259 1629 1294 1659 in
1318 1629 1386 1661 alia
1410 1640 1487 1661 crus
1513 1629 1619 1660 rubea
1643 1629 1675 1660 in
1701 1639 1820 1670 campo
1843 1628 1931 1665 albo,

100 1682 134 1712 in
157 1681 226 1722 alia
249 1693 343 1713 arma
367 1683 450 1714 dicti
476 1682 606 1713 domini
630 1682 723 1724 Pape
748 1688 814 1714 etc.

187 1735 320 1767 Eodem
344 1735 534 1773 millesimo,
558 1736 593 1766 in
611 1735 738 1767 eisdem
755 1735 885 1773 diebus,
902 1735 995 1767 facta
1010 1745 1096 1776 pace
1113 1735 1201 1766 inter
1218 1735 1391 1767 dominum
1407 1735 1597 1766 Luchinum
1614 1733 1806 1776 predictum
1826 1740 1859 1765 et
1875 1744 1932 1765 co-

99 1797 201 1818 mune
226 1787 395 1825 Pixarum‚
421 1793 455 1818 et
478 1794 609 1819 mortuo
636 1788 775 1820 domino
791 1788 865 1820 Tor
881 1788 924 1818 de
941 1787 1081 1824 Panico‚
1099 1787 1156 1830 qui
1181 1793 1253 1818 erat
1277 1798 1340 1829 pro
1365 1788 1504 1820 domino
1521 1788 1677 1819 Luchino
1702 1787 1760 1825 ibi,
1778 1787 1934 1818 dominus

100 1840 338 1883 Phylyppinus
351 1841 393 1872 de
412 1841 585 1883 Goncaga,
604 1841 661 1883 qui
675 1847 748 1872 erat
765 1841 966 1882 capitaneus
982 1840 1150 1872 exercitus
1167 1841 1251 1872 dicti
1269 1840 1399 1872 domini
1415 1840 1571 1877 Luchini‚
1586 1841 1727 1872 recessit
1746 1851 1820 1871 cum
1838 1849 1932 1870 exer-

102 1893 173 1925 citu
196 1894 239 1925 de
265 1894 425 1925 comitatu
448 1893 618 1931 Pixarum,
645 1899 678 1925 et
700 1905 762 1936 per
786 1899 918 1925 montes
942 1893 1121 1925 altissimos
1145 1899 1273 1932 euntes,
1297 1900 1527 1935 pervenerunt
1551 1893 1721 1925 civitatem
1740 1892 1932 1927 Placentie;

99 1946 215 1988 ibique
231 1946 376 1988 reliquid
393 1952 499 1978 totum
516 1947 713 1985 exercitum,
732 1953 765 1978 et
780 1947 851 1988 ipse
867 1946 1095 1988 personaliter
1112 1947 1174 1977 ivit
1190 1947 1441 1983 Mediolanum;
1459 1952 1535 1988 post
1550 1956 1679 1987 paucos
1703 1946 1776 1977 dies
1799 1946 1933 1976 iverunt

100 1998 288 2030 Mantuam.

187 2051 318 2083 Eodem
341 2051 530 2090 millesimo,
556 2053 610 2084 die
635 2062 697 2084 xvr
722 2053 813 2084 iunii.
837 2052 1010 2095 Cagnolus
1035 2053 1078 2084 de
1102 2052 1244 2094 Corigia
1268 2052 1412 2083 existens
1443 2052 1478 2082 in
1509 2051 1645 2082 civitate
1676 2051 1830 2082 Ferrarie
1856 2061 1933 2082 cum

100 2104 238 2136 domino
263 2105 460 2136 marchione
493 2104 659 2147 Obicoue,
690 2105 749 2147 qui
781 2104 920 2136 multum
952 2104 1115 2146 diligebat
1139 2116 1225 2142 eum,
1258 2110 1371 2136 tamen
1396 2110 1566 2146 tamquam
1596 2105 1748 2146 ingratus
1779 2109 1813 2134 et
1836 2102 1933 2143 inpa-

98 2157 186 2188 tiens
210 2158 293 2188 tanti
317 2157 467 2190 benefitii
491 2164 523 2189 et
546 2158 693 2197 honoris,
710 2158 830 2199 spiritu
855 2158 1025 2189 diabolico
1048 2157 1239 2200 instigatus,
1256 2163 1389 2189 secrete
1412 2157 1550 2188 recessit
1570 2157 1612 2187 de
1637 2156 1771 2187 civitate
1795 2157 1823 2187 F
1825 2155 1932 2186 erarie

101 2220 177 2241 cum
201 2209 333 2241 duobus
356 2210 490 2242 famulis
513 2211 735 2252 equestribus,
759 2211 877 2241 volens
900 2210 1033 2252 ingredi
1057 2210 1232 2241 Mantuam
1261 2216 1295 2241 et
1317 2209 1565 2246 Mediolanum,
1582 2209 1728 2240 credens
1751 2208 1851 2239 altius
1874 2207 1933 2238 ad-

100 2263 278 2299 scendere3
303 2268 336 2294 et
360 2263 422 2294 ivit
444 2273 549 2305 usque
566 2263 776 2305 Vigaranum
790 2262 801 2281 ⁷
826 2263 998 2294 districtus
1021 2263 1188 2300 Ferrarie,
1207 2268 1241 2294 et
1256 2262 1303 2294 ibi
1321 2261 1447 2293 dimisit
1463 2271 1568 2303 equos
1592 2270 1679 2298 suos,
1700 2260 1853 2291 transivit
1868 2259 1934 2291 Pa-

189 2391 214 2416 7.
232 2386 370 2410 honorare
382 2393 449 2410 corr.
462 2386 540 2411 Mun.
553 2399 585 2404 —
602 2393 641 2410 11.
656 2386 805 2410 millesimo
818 2387 846 2410 et
857 2393 904 2409 om.
920 2385 996 2410 th.
1014 2399 1045 2403 —
1063 2391 1101 2416 15.
1116 2385 1219 2409 Eodem
1232 2385 1377 2409 millesimo
1391 2392 1438 2409 om.
1451 2385 1526 2408 Mun.
1541 2397 1573 2401 —
1590 2389 1629 2414 17.
1643 2384 1787 2408 millesimo
1796 2391 1843 2407 om.
1858 2384 1936 2408 Mun.

104 2441 135 2445 —-
150 2434 188 2458 19.
200 2428 303 2452 Eodem
314 2428 462 2452 millesimo
476 2430 503 2452 et
517 2435 608 2452 mense
621 2436 668 2452 om.
682 2429 757 2452 Mun.
773 2441 784 2446 -
793 2427 847 2459 est]
862 2428 916 2451 fuit
927 2428 1005 2452 Mun.
1017 2441 1048 2445 —
1064 2434 1105 2451 22.
1120 2428 1223 2451 Eodem
1237 2427 1384 2451 millesimo
1397 2434 1443 2450 om.
1458 2427 1537 2450 Mmz.
1551 2439 1561 2443 -
1574 2427 1636 2457 dopo
1645 2427 1729 2450 Pasce
1743 2426 1771 2448 in
1785 2426 1808 2449 Α
1819 2426 1844 2448 B
1857 2425 1934 2449 Mun.

103 2469 197 2492 lacuna
215 2483 247 2487 —
268 2475 308 2498 27.
322 2469 427 2493 Eodem
447 2469 594 2493 millesimo
614 2471 642 2494 in
661 2477 708 2493 om.
728 2470 804 2493 Mun.
820 2483 850 2486 —
867 2470 954 2500 27-28.
968 2477 1086 2493 comune
1105 2470 1147 2496 A:
1161 2469 1312 2493 occaxione
1324 2469 1349 2490 B
1363 2469 1440 2492 Mun.
1456 2482 1485 2484 ›—
1504 2475 1544 2498 29.
1564 2468 1633 2491 dicti
1651 2475 1697 2490 om.
1713 2467 1792 2491 MUR.
1807 2479 1817 2484 -
1836 2473 1935 2490 recess-

102 2513 139 2541 A}
159 2514 329 2537 recesserunt
348 2514 425 2538 MUR.
443 2527 475 2530 —
490 2519 531 2544 33.
546 2513 648 2537 Eodem
664 2513 813 2537 millesimo
827 2521 873 2536 om.
895 2513 971 2537 Mun.
993 2526 1025 2530 —
1044 2518 1086 2544 35.
1112 2513 1262 2544 instigatus
1281 2513 1374 2541 MUR.3
1394 2512 1528 2543 instigato
1542 2512 1600 2535 AB
1613 2524 1644 2528 -—
1660 2516 1700 2541 37.
1721 2511 1891 2541 Vigeranum
1910 2510 1933 2533 A

188 2598 195 2613 ¹
217 2598 360 2623 Giovauni
380 2599 392 2622 1
411 2598 439 2622 di
454 2600 584 2623 Teodoro
598 2599 749 2631 Paleologo
763 2606 776 2622 e
790 2599 818 2623 di
834 2599 990 2631 Argentina

100 2639 225 2671 Spinola.

189 2679 199 2695 ²
218 2681 359 2712 Battaglia
377 2681 406 2705 di
426 2681 594 2706 GamenarIO
615 2689 708 2713 presso
735 2682 835 2706 Chieri
854 2683 992 2705 avvenuta

100 2722 120 2745 il
139 2729 169 2753 ²3
190 2722 276 2754 aprile
298 2728 371 2754 1345,
390 2723 461 2746 nella
480 2723 559 2754 quale
579 2722 654 2746 resto
681 2726 775 2747 ucciso
802 2723 822 2746 il
846 2723 991 2747 siniscalco

100 2763 172 2787 della
192 2763 287 2794 regina
307 2763 465 2794 Gtovanna,
491 2764 610 2788 Reforza
631 2771 646 2787 o
666 2764 829 2788 Reforziato
848 2764 991 2795 d’Agoult·

99 2804 143 2829 Cf.
164 2806 313 2832 BERTANJ).
340 2805 412 2828 Ser-ie
437 2806 480 2827 dei
504 2805 664 2828 St'nz'scalclzi
681 2806 724 2829 del
741 2806 872 2829 Piemonte
891 2814 903 2829 ε
923 2805 992 2829 della

99 2845 255 2869 Lombardia
273 2846 320 2868 dal
336 2850 402 2875 1259
420 2846 448 2869 al
465 2847 528 2877 1382
548 2847 659 2870 durante
677 2847 701 2869 il
718 2848 830 2870 dominio
849 2847 917 2870 della
935 2854 993 2870 casa

98 2887 215 2918 d'Angr'o
240 2887 270 2910 in
297 2887 365 2911 Bou.
391 2887 458 2912 Stor.
485 2888 557 2912 Bibl.
583 2888 704 2919 Subalp„
733 2896 806 2912 anno
832 2889 878 2918 111,
898 2897 923 2912 n.
945 2889 990 2912 VI,

100 2937 144 2962 pp.
165 2936 290 2961 440-441‚
312 2930 429 2959 Torino,
452 2930 526 2961 1898.

187 2970 197 2985 ³
217 2971 268 2996 Nel
286 2972 388 3001 ΙΛΤΤΑ,
409 2971 484 2995 Rossi
502 2973 531 2995 di
548 2973 660 3000 Parma,
675 2974 729 2997 tav.
749 2972 782 3001 ΙΙ,
796 2972 823 2996 la
843 2973 907 2997 data
920 2973 993 2996 della

1044 2599 1133 2622 morte
1152 2599 1180 2622 di
1199 2599 1326 2622 Rolando
1346 2596 1359 2621 e
1379 2597 1468 2621 fissata
1487 2599 1514 2621 ai
1538 2604 1571 2621 10
1585 2597 1614 2621 di
1635 2597 1754 2628 maggio,
1769 2596 1931 2621 altrettanto

1043 2640 1103 2663 dice
1122 2637 1232 2669 PAi-m'),
1247 2640 1333 2662 Storia
1354 2640 1382 2662 di
1400 2639 1508 2666 Parma,
1528 2639 1573 2667 lv,
1590 2645 1650 2670 331,
1672 2646 1716 2662 ma
1734 2637 1862 2669 com'egli
1875 2638 1932 2661 cita

1043 2688 1091 2713 per
1110 2681 1191 2706 fonte
1218 2682 1238 2704 il
1267 2681 1423 2707 Chronicon,
1443 2679 1500 2704 cosl
1526 2688 1582 2704 non
1602 2681 1629 2703 vi
1655 2681 1691 2704 ha
1710 2679 1813 2703 dubbio
1839 2679 1887 2702 che
1908 2678 1931 2702 si

1043 2724 1122 2747 tratti
1142 2723 1170 2746 di
1190 2729 1291 2746 errore.
1328 2723 1391 2746 Non
1405 2720 1419 2745 ὲ
1433 2722 1616 2753 improbabile
1636 2722 1685 2746 che
1703 2721 1784 2745 fonte
1797 2720 1840 2744 del
1852 2721 1932 2744 Litta

1042 2765 1084 2789 sia
1102 2766 1186 2792 stato,
1208 2766 1237 2787 in
1257 2765 1353 2795 questo
1373 2765 1469 2795 punto,
1490 2761 1581 2787 l’Affo.

1131 2804 1142 2819 4
1162 2806 1301 2829 Bacciano
1321 2805 1428 2837 piccolo
1448 2805 1532 2837 luogo
1552 2805 1623 2828 della
1641 2804 1787 2828 Sambuca.
1816 2803 1861 2828 Cf.
1883 2804 1932 2826 T1-
1960 2808 1993 2824 20

1043 2854 1193 2877 RABoscm,
1213 2848 1367 2870 Dz‘zionario
1386 2854 1446 2874 ecc„
1464 2847 1499 2876 11,
1519 2854 1545 2878 p.
1565 2846 1624 2877 476.

1131 2889 1141 2905 ⁵
1162 2890 1201 2913 La
1221 2890 1327 2920 Pasqua
1346 2889 1483 2912 dell'anno
1505 2894 1570 2919 1345
1591 2888 1675 2912 cadde
1696 2889 1715 2912 il
1735 2893 1765 2918 27
1787 2896 1888 2912 marm.

1132 2930 1142 2945 ⁶
1162 2931 1304 2955 Umberto.

1133 2971 1143 2988 ⁷
1162 2973 1309 3004 Vigarano
1329 2971 1412 2995 Pieve
1431 2978 1447 2996 a
1466 2979 1482 3004 9
1501 2971 1545 2996 kil.
1566 2973 1639 2997 circa
1659 2972 1693 2996 da
1712 2972 1835 2996 Ferrara.

2007 746 2023 755 Η
2049 750 2077 765 1⁷„
2095 744 2129 762 ΗΞ
