2360 3603
188 468 263 487 Mun..
281 468 319 487 408

235 790 253 803 e.
269 787 323 806 05‘0

349 2674 378 2690 10

402 223 415 257 1
429 223 472 257 16
2062 225 2115 257 [A.
2138 226 2229 258 1343]

1026 219 1333 255 CHRONICON
1366 218 1533 254 ESTEN
1536 218 1596 252 SE

393 352 479 384 stino
503 353 546 383 de
570 352 602 382 la
626 351 737 382 Scala.
783 351 828 381 Et
851 350 916 380 hiis
933 348 1052 381 diebus
1069 348 1162 378 venit
1184 346 1375 378 Ferrariam
1398 346 1556 378 Andreas
1574 347 1658 378 filius
1674 347 1839 388 Johannis
1857 348 1899 379 de
1917 348 2053 389 Pepulis
2070 348 2103 378 in
2127 348 2228 380 domo

393 404 520 436 domini
544 403 769 439 Marchionis3
803 403 925 434 eodem
950 401 1005 432 die
1029 401 1091 431 ivit
1115 399 1288 430 Veronam
1321 399 1363 430 ad
1396 399 1569 430 dominum
1594 398 1788 437 Matinum,
1812 400 1870 441 qui
1893 401 1978 432 fecit
2001 401 2032 432 ei
2056 402 2228 432 honorem.

484 457 616 488 Eodem
639 456 828 492 millesimo,
845 465 907 485 xxr
923 453 1077 495 januarii.
1101 453 1268 484 Dominus
1283 452 1435 483 marchio
1452 451 1562 493 Obico
1579 452 1720 483 estensis
1737 452 1874 494 aliquod
1891 453 2037 484 habebat
2053 459 2230 484 tractatum

394 509 427 539 in
452 509 589 541 civitate
612 509 744 545 Parme,
768 507 885 549 ibique
910 506 1031 538 direxit
1054 512 1175 547 gentes
1198 515 1285 542 suas,
1310 509 1430 546 gentes
1453 503 1581 536 domini
1605 504 1744 535 Mastini
1768 510 1870 546 atque
1896 506 2023 536 domini
2050 506 2162 537 Tadei
2187 506 2230 537 de

394 561 542 602 Pepulis,
567 562 624 603 qui
648 560 811 602 conligati
828 565 934 596 erant,
951 564 1095 596 secrete,
1112 563 1276 600 quantum
1292 563 1475 597 potuerunt
1498 567 1559 598 per
1583 556 1770 588 districtum
1796 557 1910 599 Regii,
1936 558 1981 589 ita
1997 559 2090 600 quod
2113 568 2231 589 omnes

394 613 596 656 ignorabant
619 623 687 655 qua
710 623 811 644 causa
842 612 896 644 vel
927 621 994 654 quo
1026 610 1126 647 irent;
1153 615 1186 641 et
1216 616 1252 640 ut
1283 609 1350 640 hoc
1381 610 1489 651 mag-is
1520 615 1653 641 secrete
1686 609 1791 648 fieret,
1815 619 1877 650 per
1904 616 2011 642 totum
2043 611 2231 641 districtum

395 665 575 698 cuiuslibet
599 665 727 697 domini
749 665 897 706 predicti
922 673 1021 696 nemo
1044 668 1181 704 poterat
1212 662 1308 693 exire
1333 661 1388 693 vel
1420 661 1547 693 intrare
1580 671 1658 692 cum
1689 662 1813 693 stricn's
1844 664 2016 704 preceptis
2040 664 2084 695 ad
2115 673 2232 694 omnes

393 729 520 761 passus,
544 728 587 750 ne
612 719 655 750 de
680 718 829 759 ipsorum
852 717 994 748 transitu
1018 716 1073 747 vel
1103 715 1224 746 itinere
1256 724 1318 755 per
1350 719 1556 746 mercatores
1586 715 1641 745 vel
1673 714 1757 746 alios
1786 715 1931 746 nuncios
1961 722 2076 756 posset
2107 715 2230 757 inquiri

398 771 542 813 aliquid;
568 770 626 811 e[t]
643 771 692 802 sic
711 781 827 802 omnes
851 767 1100 811 equitaverunt¹
1118 777 1225 809 prope
1244 767 1399 797 Parmam
1425 767 1467 798 ad
1483 767 1677 798 instantiam
1697 767 1824 798 domini
1848 768 2054 799 marchionis
2071 768 2232 810 Obiconis

395 824 536 856 estensis
551 828 694 865 propter
707 823 836 855 dictum
847 827 1039 859 tractatum,
1053 821 1145 862 quod
1161 820 1266 850 nichil
1284 820 1400 851 facere
1418 824 1612 860 potuerunt,
1630 825 1664 850 et
1677 819 1725 850 sic
1739 820 1865 851 reversi
1879 826 1956 851 sunt
1969 821 2011 852 ad
2025 822 2149 862 patrias
2167 827 2231 852 etc.

481 877 610 908 Eodem
628 875 815 912 millesimo,
835 884 937 905 xxvu
955 873 1078 906 mensis
1094 872 1248 915 januarii.
1272 872 1434 904 Dominus
1451 872 1563 903 Guido
1578 871 1698 902 Ricius
1711 872 1753 903 de
1767 872 1896 904 Foiano
1906 874 1915 891 ¹
1931 884 2007 904 cum
2021 874 2109 905 duce
2123 874 2231 905 Guer-

392 930 487 962 nerio
512 935 546 960 et
569 928 726 960 sotietate
750 927 1040 959 Theotonicorum
1065 931 1279 957 recesserunt
1303 924 1347 956 de
1373 925 1527 956 districtu
1551 924 1714 962 Bononie,
1739 931 1857 957 euntes
1881 925 1925 956 ad
1949 925 2129 967 hospitium
2155 926 2233 958 Sas-

393 983 510 1019 solum,
536 980 750 1013 Colombario
765 980 787 1019 ²,
812 981 970 1022 Gorcano
984 978 1006 1017 ³³,
1031 978 1231 1020 Bacoariam
1246 977 1256 993 ⁴
1272 978 1308 1008 in
1326 977 1481 1008 districtu
1506 977 1658 1011 Mutine;
1685 983 1719 1008 et
1736 979 1831 1019 quasi
1856 978 2024 1010 exercitus
2041 985 2113 1010 erat
2126 989 2232 1020 usque

394 1041 508 1077 portas
522 1034 665 1065 civitatis
678 1034 822 1072 Mutine,
840 1039 873 1065 et
889 1032 935 1064 ibi
953 1037 1118 1063 steterunt
1133 1040 1201 1062 vr11
1219 1030 1348 1062 diebus
1385 1030 1450 1060 Dfe
1467 1030 1582 1060 martis
1598 1032 1680 1060 11110‘
1695 1030 1868 1069 februarii,
1886 1036 2098 1062 transeuntes
2110 1031 2234 1063 flumen

395 1088 513 1124 Situle‚
530 1088 664 1118 iverunt
689 1086 731 1117 ad
747 1085 929 1127 hospitium
947 1090 1094 1116 castrum
1111 1083 1250 1126 Corigie
1264 1083 1285 1121 ⁵,
1303 1083 1396 1125 quod
1412 1082 1631 1124 possidebant
1648 1082 1777 1114 domini
1794 1082 1942 1125 Corigie,
1958 1084 2129 1125 multaque
2146 1084 2233 1115 mala

396 1141 579 1175 facientes:
603 1139 652 1170 ibi
676 1146 790 1171 tamen
815 1139 977 1170 continue
1002 1135 1246 1168 habundabant
1268 1136 1432 1167 victualia
1456 1136 1499 1167 de
1523 1135 1659 1166 Mutina
1683 1142 1715 1167 et
1739 1136 1895 1167 districtu
1919 1142 1985 1168 etc.

481 1193 613 1225 Eodem
625 1192 815 1228 millesimo,
832 1201 869 1222 VI
887 1190 1062 1223 februarii.
1086 1189 1251 1221 Dominus
1266 1188 1433 1219 Mastinus
1451 1189 1494 1219 de
1510 1189 1544 1219 la
1559 1187 1673 1226 Scala,
1690 1189 1846 1220 dominus
1861 1188 2001 1220 Tadeus
2015 1195 2047 1220 et
2062 1190 2235 1231 Johannes

395 1248 466 1279 eius
490 1246 576 1277 filius
600 1246 643 1276 de
667 1244 817 1285 Pepulis,
843 1244 1000 1275 dominus
1024 1242 1206 1273 Hostaxius
1231 1242 1274 1273 de
1298 1241 1442 1272 Polenta
1466 1247 1498 1272 et
1522 1241 1736 1272 Bertolacius
1760 1242 1803 1273 de
1828 1241 2027 1273 Brettenoro
2041 1240 2052 1256 ⁶
2068 1248 2235 1274 venerunt

395 1299 586 1332 Ferrariam
610 1297 655 1328 ad
677 1296 924 1338 parlamentum
943 1306 1018 1326 cum
1036 1294 1172 1326 domino
1189 1293 1388 1324 marchione
1406 1292 1560 1335 Obicone
1577 1299 1710 1324 estense
1729 1293 1785 1334 qui
1802 1293 1945 1324 multum
1970 1294 2148 1325 honoravit
2165 1304 2232 1326 eos.

482 1351 614 1383 Eodem
630 1349 820 1386 millesimo,
837 1358 917 1379 vn11
937 1348 1057 1378 martii.
1083 1345 1243 1378 Predicta
1258 1346 1396 1378 sotietas
1412 1346 1704 1377 Theotonicorum
1728 1347 1921 1388 segregavit
1948 1347 2102 1378 districtu
2118 1347 2234 1389 Regii,

395 1412 428 1437 et
443 1405 536 1436 venit
551 1404 588 1434 in
604 1403 759 1434 districtu
783 1402 923 1433 Mantue
947 1410 1050 1442 super
1074 1399 1214 1437 Padum,
1232 1399 1279 1430 ibi
1296 1399 1442 1430 existens
1467 1401 1550 1429 1111or
1565 1398 1686 1430 diebus
1702 1399 1874 1440 multaque
1899 1399 2011 1440 dapna
2034 1399 2232 1432 inferentes.

482 1457 548 1488 Die
573 1465 654 1487 XIIII
680 1455 814 1492 mensis,
832 1454 980 1496 predicti
1000 1454 1135 1484 iverunt
1158 1453 1202 1483 ad
1225 1452 1408 1493 hospitium
1432 1452 1475 1482 ad
1499 1457 1625 1483 terram
1651 1451 1865 1488 Quarantule
1882 1452 1925 1482 de
1942 1451 2096 1484 districtu
2113 1453 2233 1496 Regii:

399 1511 466 1542 alio
482 1510 537 1542 die
554 1509 597 1540 ad
614 1507 796 1549 hospitium
813 1507 1037 1538 Camuranam
1050 1504 1060 1520 ⁷
1078 1505 1111 1535 in
1130 1505 1288 1537 districtu
1304 1504 1446 1542 Mutine,
1462 1504 1578 1545 ibique
1597 1504 1765 1535 concessit
1783 1504 1940 1535 dominus
1956 1505 2107 1536 marchio
2123 1504 2233 1548 Obico

402 1561 563 1594 victualia
586 1560 630 1592 ad
654 1559 892 1591 suffitientiam.

484 1615 617 1646 Eodem
641 1612 819 1644 millesimo
844 1618 877 1643 et
892 1621 1018 1642 mense.
1044 1610 1208 1642 Dominus
1224 1610 1377 1641 marchio
1394 1609 1504 1651 Obico
1522 1620 1598 1640 cum
1616 1610 1753 1641 domino
1770 1609 1926 1651 Johanne
1943 1611 1986 1642 de
2003 1610 2141 1652 Pepulis
2163 1611 2235 1642 ive-

398 1674 477 1700 runt
500 1668 544 1698 ad
566 1665 748 1707 hospitium
773 1664 816 1695 ad
840 1670 963 1695 terram
987 1662 1119 1695 Abacie
1143 1673 1246 1704 super
1269 1662 1474 1693 Pollicinum
1497 1662 1651 1704 Rodigii.
1699 1662 1762 1693 Die
1787 1661 1866 1693 lune
1883 1663 2064 1704 sequentis,
2089 1664 2235 1696 adcessit

397 1720 526 1753 ibidem
550 1718 704 1751 dominus
728 1717 893 1748 Mastinus
918 1717 961 1748 de
986 1717 1018 1747 la
1042 1716 1145 1747 Scala
1169 1726 1245 1747 cum
1269 1715 1317 1746 eis
1346 1716 1390 1746 ad
1420 1714 1676 1756 parlamentum,
1709 1714 1766 1746 ubi
1799 1715 1910 1746 dictus
1942 1715 2093 1747 marchio
2126 1717 2235 1758 Obico

398 1774 538 1806 multum
561 1770 742 1803 honoravit
766 1780 835 1808 eos,
860 1769 985 1801 deinde
1009 1769 1182 1800 redierunt
1206 1769 1249 1799 ad
1272 1768 1421 1809 propria.

486 1825 618 1858 Eodem
643 1823 833 1861 millesimo,
858 1832 950 1853 xxm
976 1822 1100 1853 mensis
1130 1821 1254 1852 martii.
1300 1821 1406 1852 Facta
1429 1827 1480 1852 est
1504 1826 1646 1863 treug-ua
1670 1821 1757 1853 inter
1780 1821 1954 1852 dominum
1978 1821 2162 1853 Mastinum
2193 1823 2236 1855 de

397 1880 430 1911 la
454 1878 555 1911 Scala
579 1882 614 1908 et
637 1877 811 1908 dominum
834 1875 1028 1906 Luchinum
1050 1874 1298 1906 Vicecomitem
1323 1883 1363 1904 ac
1388 1874 1543 1904 dominos
1568 1872 1709 1904 Mantue
1735 1880 1768 1904 et
1793 1874 1876 1905 alios
1899 1874 1977 1916 lige.

490 1931 621 1962 Eodem
644 1928 832 1965 millesimo,
849 1927 906 1959 die
931 1936 1049 1958 xxvm
1074 1927 1198 1958 mensis
1214 1926 1337 1957 martii.
1361 1926 1525 1957 Dominus
1540 1927 1694 1957 marchio
1712 1926 1822 1968 Obico
1841 1927 1980 1958 estensis
1997 1926 2134 1959 direxit'
2152 1938 2236 1959 nun—

399 1985 490 2017 cium
515 1983 593 2015 duci
619 1981 809 2013 Guernerio
835 1980 1016 2021 capitaneo
1042 1979 1204 2011 sotietatis
1228 1979 1532 2016 Theotonicorum,
1557 1978 1691 2020 sibique
1715 1980 1920 2020 precipiens,
1945 1980 2038 2021 quod
2061 1990 2169 2022 usque
2193 1981 2237 2012 ad

399 2038 553 2069 ultimum
578 2036 669 2067 diem
693 2034 778 2065 dicti
803 2033 926 2065 mensis
951 2032 1061 2063 martii
1084 2032 1264 2064 recederet
1287 2032 1330 2063 de
1356 2031 1513 2063 districtu
1545 2031 1678 2063 Mutine
1704 2041 1780 2062 cum
1805 2031 1959 2063 omnibus
1982 2033 2067 2070 suis3
2092 2033 2185 2074 quod
2208 2034 2235 2064 si

399 2101 467 2122 non
491 2087 624 2120 curabit
648 2085 846 2127 adimplere,
870 2085 944 2126 ipse
977 2084 1135 2115 dominus
1160 2082 1317 2115 Marchio
1342 2084 1451 2125 ipsum
1482 2083 1626 2114 haberet
1650 2089 1819 2125 tamquam
1843 2084 2018 2115 inimicum
2043 2085 2234 2121 mortalem3

490 2233 514 2251 2.
528 2226 561 2250 ad
582 2225 606 2250 d.
627 2225 780 2249 Mastinum
800 2223 890 2255 Mum]
911 2223 935 2247 d.
950 2223 1060 2246 Mastia.
1081 2222 1123 2249 A:
1143 2222 1169 2246 d.
1183 2221 1321 2245 Mastinus
1340 2221 1365 2243 B
1379 2234 1409 2238 ——
1424 2231 1447 2255 3.
1461 2222 1564 2245 Eodem
1580 2222 1727 2246 millesimo
1739 2222 1802 2253 xxr]
1818 2223 1863 2246 die
1877 2230 1929 2247 xxr
1948 2223 2024 2247 MUR.
2042 2236 2071 2240 —-
2088 2230 2129 2248 10.
2149 2222 2234 2255 quod]

400 2269 448 2294 sed
466 2268 542 2292 MUR.
565 2281 595 2284 —
619 2274 658 2290 11.
677 2266 781 2290 Eodem
802 2263 961 2295 millesimo]
982 2264 1027 2288 die
1047 2263 1124 2288 MUR.
1144 2277 1175 2281 —
1199 2269 1237 2294 17.
1253 2262 1353 2286 Eodem
1373 2261 1534 2293 millesimo]
1549 2263 1592 2286 die
1611 2262 1687 2288 Mun.
1704 2276 1734 2280 -—
1756 2269 1796 2286 20.
1811 2263 1911 2288 Eodem
1931 2264 2088 2296 millesimo]
2109 2264 2154 2288 die
2173 2277 2184 2282 -
2204 2265 2236 2288 de

401 2311 462 2342 dopo
482 2309 640 2341 segregavit
658 2315 717 2338 agg.
738 2307 762 2330 B
781 2306 859 2331 Mna.
880 2320 910 2323 —
931 2312 972 2329 21.
992 2307 1085 2329 xnnffl'
1099 2305 1122 2328 Α
1141 2319 1172 2322 -
1194 2311 1234 2335 25.
1254 2304 1400 2328 millesimo
1420 2306 1446 2328 et
1465 2312 1510 2327 om.
1533 2304 1608 2328 Mun.
1630 2317 1661 2321 —
1683 2311 1722 2336 29·
1747 2305 1849 2329 Eodem
1869 2305 2027 2336 millesimo]
2047 2306 2093 2330 die
2112 2307 2190 2330 Mna.
2203 2319 2235 2324 —

406 2358 449 2383 3²·
467 2349 585 2381 sibique]
606 2349 660 2373 sibi
679 2348 756 2373 Mun.

492 2455 500 2471 ¹
522 2457 600 2480 Buou
620 2455 797 2479 condottiero
811 2453 920 2483 d'armi,
934 2454 965 2478 fu
979 2453 1120 2478 chiamato
1140 2453 1186 2477 dai
1198 2453 1297 2477 Sanesl

404 2506 454 2531 per
473 2499 535 2522 loro
555 2498 688 2529 capitano
711 2496 846 2528 generale.
882 2496 963 2519 Prese
982 2495 1003 2518 il
1028 2494 1143 2519 castello
1163 2494 1192 2517 di
1217 2494 1297 2518 Mon-

403 2541 520 2566 temassi
545 2540 590 2564 nel
619 2540 693 2571 1328,
717 2538 751 2563 ed
776 2540 786 2562 i
812 2538 908 2563 Sanesi
935 2545 984 2568 per
1008 2536 1182 2569 gratitudine
1206 2535 1296 2560 fecero

404 2583 549 2615 dipingere
569 2582 604 2605 da
622 2581 719 2606 Simon
739 2581 853 2605 Memmi
878 2578 1096 2611 quest’episodio
1116 2579 1161 2602 nel
1187 2578 1296 2610 palazzo

405 2624 477 2647 della
496 2623 635 2654 Signoria.
672 2622 755 2646 Parte
774 2621 930 2653 principale
949 2621 1015 2645 nelle
1040 2619 1147 2645 fazioni
1165 2620 1242 2644 civili
1268 2619 1296 2643 di

405 2665 521 2697 Reggio,
535 2665 564 2688 fu
583 2664 671 2688 eletto
684 2671 738 2687 con
759 2663 876 2687 Giberto
890 2662 1018 2693 Fogliani
1038 2662 1143 2685 vicario
1158 2661 1186 2685 di
1199 2662 1297 2693 questa

404 2705 473 2730 cittfi
491 2713 539 2738 per
557 2705 700 2729 Lodovico
719 2705 739 2729 il
758 2705 866 2729 Bavaro
885 2704 930 2727 nel
953 2710 1025 2735 1329.
1063 2703 1102 2727 Fu
1122 2702 1296 2727 confermato

407 2749 434 2772 in
455 2748 552 2778 questa
565 2745 676 2779 dignita
688 2747 781 2770 l'anno
796 2751 862 2776 1331
878 2745 911 2769 da
925 2745 1069 2770 Giovanni
1089 2752 1117 2768 re
1130 2744 1159 2768 di
1174 2744 1295 2779 Boemia.

406 2790 456 2814 Nel
482 2796 547 2821 1335
572 2788 694 2822 perdette
719 2789 740 2812 il
765 2787 893 2812 dominio
919 2787 946 2811 di
970 2788 1087 2819 Reggio.
1124 2785 1243 2811 Pedesta
1269 2787 1296 2810 di

406 2832 522 2856 Padova
534 2831 577 2855 nel
593 2830 666 2864 1336.
705 2832 742 2855 Di
762 2837 856 2854 nuovo
869 2829 1002 2861 capitano
1017 2830 1044 2853 di
1057 2836 1156 2861 guerra
1169 2829 1214 2853 nel
1230 2834 1293 2859 1352

408 2874 437 2897 in
456 2872 540 2897 Siena
559 2873 630 2896 dove
648 2870 719 2896 morl
740 2872 758 2895 il
780 2871 810 2895 16
829 2871 934 2903 giugno
953 2871 1025 2895 dello
1045 2873 1131 2894 stesso
1151 2877 1235 2894 anno.

494 2911 506 2927 ²
526 2912 703 2942 colombaro,
722 2913 792 2936 villa
805 2912 849 2935 nel
862 2919 981 2935 comune
1000 2912 1029 2935 di
1042 2911 1211 2942 Fomigine.
1238 2911 1296 2934 An-

407 2954 557 2978 ticamente
582 2953 657 2977 v'era
682 2961 719 2977 un
749 2954 908 2977 monastero
936 2953 966 2976 di
995 2953 1083 2976 molta
1113 2953 1296 2984 impos-muza.

1350 2452 1394 2478 Cf.
1414 2453 1604 2481 TIRABOSCHL
1623 2453 1777 2476 Dizionario
1796 2461 1855 2481 ecc„
1875 2461 1902 2485 p.
1922 2460 1982 2485 219.

1437 2493 1447 2508 ³³
1467 2494 1604 2525 Gorzano,
1623 2496 1748 2524 castello,
1769 2503 1817 2519 ora
1837 2496 1982 2525 distrurto,
2002 2496 2074 2520 nelle
2092 2497 2196 2520 colline
2210 2496 2239 2520 di

1349 2536 1478 2561 Modena.
1514 2537 1554 2560 La
1573 2537 1699 2568 famiglia
1712 2537 1752 2560 de‘
1767 2537 1879 2569 Signori
1898 2537 1934 2561 da
1947 2537 2079 2562 Gorzano
2091 2545 2139 2562 era
2158 2537 2202 2562 fra
2215 2539 2238 2563 le

1348 2577 1436 2601 nobili
1455 2585 1469 2601 e
1489 2579 1597 2609 potenti
1617 2579 1646 2602 di
1661 2578 1783 2602 Modena
1796 2579 1842 2602 nei
1856 2578 1942 2602 secoli
1956 2578 2095 2603 XII-XIV.
2132 2579 2176 2604 Cf.
2189 2580 2238 2604 Ti-

1348 2625 1498 2649 RABoscm,
1517 2620 1670 2643 Dizionario
1689 2627 1749 2647 ecc„
1769 2627 1794 2652 p.
1815 2627 1828 2651 3
1834 2619 1874 2650 56.

1436 2659 1445 2675 ⁴
1465 2661 1648 2692 Baggiovara,
1669 2661 1733 2685 villa
1756 2669 1778 2692 e,
1798 2669 1854 2685 una
1875 2662 1959 2691 volta,
1979 2663 2096 2686 castello
2116 2670 2130 2686 e
2155 2663 2238 2694 luogo

1348 2702 1466 2733 insigne,
1481 2703 1584 2726 situata
1603 2710 1619 2726 a
1638 2702 1654 2726 6
1673 2702 1720 2727 ku.
1741 2703 1776 2727 da
1791 2704 1910 2727 Modena
1922 2703 1987 2728 fuor
2000 2703 2074 2728 dalla
2088 2705 2169 2736 porta
2189 2705 2238 2728 che

1348 2744 1383 2767 da
1408 2750 1469 2768 essa
1489 2745 1627 2776 prendeva
1647 2745 1668 2768 il
1691 2752 1780 2768 nome.
1803 2745 1849 2770 Cf.
1869 2746 2060 2775 Tmaoscm,
2086 2746 2238 2770 Din'onario

1348 2792 1406 2812 ecc„
1426 2792 1452 2817 p.
1472 2792 1513 2816 30.

1436 2826 1446 2841 5
1467 2827 1622 2859 Correggio
1643 2835 1658 2851 a
1682 2834 1709 2858 15
1730 2829 1775 2852 kil.
1796 2829 1866 2852 N-E.
1886 2829 1921 2852 da
1940 2829 2057 2860 Reggio.

1437 2867 1448 2883 ⁶
1467 2870 1629 2894 Bartolazzo
1651 2870 1801 2895 Mainardi.

1436 2909 1447 2924 ⁷
1467 2911 1635 2941 Cammana,
1654 2911 1725 2936 villa
1744 2912 1785 2936 del
1806 2919 1923 2936 comune
1942 2913 1971 2936 dl
1990 2913 2108 2937 Medulla
2128 2920 2142 2936 a
2163 2921 2178 2943 4
2191 2913 2236 2938 kil.

1351 2953 1387 2977 da
1407 2951 1575 2976 Mirandola.

2260 822 2296 852 10

2262 1084 2296 1114 15

2259 1349 2299 1378 20

2260 1612 2298 1642 25

2260 1877 2301 1907 30

2268 2539 2300 2557 20

2267 2749 2297 2774 ²5

2264 2959 2298 2984 30
