2360 3603
95 228 146 261 [Α.
170 229 263 262 1347]
712 223 1034 258 CHRONICON
1062 223 1293 258 ESTENSE
1841 225 1909 258 149

93 364 168 384 curn
185 353 324 385 domino
349 354 473 386 Carolo
497 354 539 385 de
565 354 714 393 Boemia‚
732 355 787 396 qui
805 365 865 386 rex
884 354 1117 386 Romanorum
1135 354 1322 391 dicebatur,
1341 355 1384 385 ad
1402 361 1548 386 castrum
1566 353 1653 385 Avi¹
1672 354 1798 386 domini
1817 354 1912 385 Guil-

93 406 197 437 lielmi
220 407 263 438 de
288 407 546 438 Castro-barco.

178 459 308 490 Eodem
323 459 513 497 millesimo,
531 460 586 491 die
602 460 694 491 xvn⁰
711 460 834 491 mensis
848 461 943 502 junii.
991 461 1156 492 Dominus
1173 459 1339 491 Mastinus
1356 460 1397 490 de
1414 460 1447 490 la
1463 460 1564 491 Scala
1580 460 1645 491 fuit
1662 460 1705 491 ad
1723 460 1913 501 parlamen-

92 511 178 543 tum'
201 522 279 543 cum
302 513 475 544 antedicto
500 512 638 544 domino
664 514 793 544 Karolo
825 513 867 544 ad
892 520 1015 544 terram
1040 513 1201 545 Caurini²
1226 513 1268 544 de
1293 513 1449 544 districtu
1474 513 1623 544 Verone.
1670 513 1771 543 Tunc
1795 519 1914 554 gentes

51 564 68 596 5
93 565 218 597 domini
242 565 388 596 Luchini
412 565 634 598 Vicecomitis
656 572 875 597 recesserunt
899 567 941 598 de
967 567 1106 598 civitate
1130 567 1264 603 Trenti,
1289 572 1322 597 et
1346 567 1523 597 redierunt
1554 566 1801 603 Mediolanum,
1825 572 1857 596 et
1881 567 1913 595 in

90 618 241 652 issorum
266 617 342 649 loco
367 619 524 649 dominus
547 618 716 650 Mastinus
732 625 764 649 et
781 619 908 650 domini
927 619 1044 650 Padue
1062 619 1319 650 destinaverunt
1334 619 1500 649 Trentum
1516 625 1635 660 gentes
1652 629 1728 649 suas
1745 619 1787 649 ad
1805 624 1914 649 custo-

92 670 184 700 diam
209 670 356 701 civitatis
380 681 441 711 pro
465 671 559 702 dicto
583 671 722 702 domino
748 671 878 703 Karolo
902 678 967 703 etc.

180 723 311 755 Eodem
335 723 523 760 millesimo,
548 724 604 755 die
629 725 751 755 xxim⁰
773 725 870 768 junii.
918 726 1084 756 Dominus
1107 724 1298 756 pandulfus
1321 724 1406 755 filius
1423 724 1594 765 quondam
1612 724 1742 754 domini
1761 724 1914 755 Hostaxii

92 775 134 806 de
158 775 312 813 Polenta,
336 776 396 818 qui
419 775 658 808 dominabatur
683 783 763 808 tunc
782 777 958 815 Ravenne,
976 777 1061 808 fecit
1079 776 1226 808 relaxari
1242 782 1275 808 et
1291 776 1424 807 extrahi
1443 776 1640 807 carceribus
1664 774 1914 807 Bernardinum

33 829 69 859 10
93 829 232 860 fratrem
255 840 361 866 suum,
379 840 479 871 quem
496 830 666 861 carcerari
684 831 815 861 fecerat
839 831 875 861 in
901 831 1038 862 civitate
1055 830 1199 861 Cervie:
1218 840 1317 871 quam
1333 830 1553 861 concordiam
1579 829 1739 861 tractavit
1756 830 1912 860 dominus

93 880 275 913 Malatesta
298 883 341 913 de
366 881 566 919 Arimino³;
592 888 626 913 et
649 893 765 914 omnes
789 883 873 915 dicti
897 884 1020 914 fratres
1051 894 1118 914 una
1150 893 1226 913 cum
1258 882 1397 913 domino
1422 882 1604 914 Malatesta
1634 883 1772 912 iverunt
1796 883 1910 914 Rave-

93 945 180 965 nam.
226 935 326 966 Tunc
349 934 506 966 dominus
529 935 712 967 Malatesta
729 935 915 968 de'coravit
932 937 1073 967 militem
1092 936 1267 967 dominum
1291 935 1550 966 Bernardinum.
1582 934 1747 965 Dominus
1771 935 1914 966 Bernar-

92 987 209 1019 dinum
233 989 410 1020 decoravit
427 989 567 1020 militem
598 989 773 1020 dominum
805 989 1012 1020 Pandulfum
1038 989 1110 1020 eius
1142 989 1292 1020 fratrem.
1338 988 1501 1019 Dominus
1524 987 1716 1019 Pandulfus
1738 988 1915 1019 decoravit

94 1041 267 1072 dominum
290 1041 510 1073 Lambertum
526 1042 597 1072 eius
613 1043 777 1073 minorem
801 1043 958 1078 fratrem3
976 1041 1101 1073 deinde
1118 1041 1372 1072 decoraverunt
1388 1041 1511 1072 milites
1528 1042 1613 1072 duos
1637 1041 1723 1071 filios
1747 1041 1912 1072 dictorum

33 1094 69 1125 15
93 1095 251 1130 fratrum
276 1100 310 1126 et
331 1095 381 1126 sic
405 1094 551 1136 pacifice
575 1095 763 1127 existentes
787 1096 830 1126 ad
853 1095 1001 1127 invicem
1029 1095 1113 1126 dicti
1137 1095 1272 1131 fratreS,
1297 1093 1544 1125 ordinaverunt
1568 1093 1754 1125 dominium
1779 1094 1912 1135 equale,

92 1153 130 1179 ut
153 1146 299 1188 quilibet
329 1148 569 1184 honoraretur3
594 1153 627 1178 et
658 1148 706 1178 sic
731 1158 807 1179 cum
833 1157 929 1189 pace,
954 1153 987 1178 et
1016 1146 1142 1189 gaudio
1173 1152 1408 1177 remanserunt
1438 1145 1472 1176 in
1504 1146 1644 1177 civitate
1676 1145 1819 1177 Ravene
1844 1153 1909 1177 etc.

180 1200 312 1231 Eodem
336 1199 517 1231 millesimo
549 1206 582 1231 et
606 1199 674 1231 die.
722 1201 886 1232 Dominus
910 1200 1089 1241 episcopus
1113 1198 1245 1230 Curre⁴
1269 1198 1436 1241 equitavit
1460 1204 1557 1230 extra
1581 1198 1759 1230 civitatem
1784 1199 1906 1229 Trenti

92 1262 168 1284 cum
185 1259 222 1283 vc
235 1252 408 1291 militibus,
425 1258 459 1284 et
475 1262 501 1283 Μ
517 1252 688 1293 peditibus
705 1253 747 1284 de
772 1253 931 1296 gentibus
955 1252 1083 1284 domini
1108 1252 1232 1283 Karoli
1255 1258 1320 1283 etc.
1344 1252 1380 1282 in
1404 1251 1589 1282 subsidium
1615 1251 1758 1283 duorum
1783 1257 1910 1283 castro-

89 1316 175 1343 rum,
199 1316 264 1347 que
288 1305 461 1337 obsiderat
492 1305 648 1337 dominus
673 1306 824 1338 marchio
849 1307 892 1337 de
927 1305 1176 1347 Brandiburgo,
1202 1310 1235 1336 et
1265 1305 1401 1336 iverunt
1432 1305 1476 1335 ad
1506 1304 1691 1345 hospitium
1717 1304 1760 1335 ad
1786 1310 1908 1335 terram

28 1361 69 1390 20
92 1358 247 1396 Tremi⁵‚
272 1359 314 1390 de
331 1369 474 1400 quorum
498 1360 647 1390 adventu
675 1360 850 1400 presciens
875 1359 987 1390 dictus
1010 1358 1167 1390 Marchio
1192 1358 1319 1389 direxit
1341 1363 1461 1400 gentes
1484 1367 1561 1388 suas
1584 1357 1618 1388 in
1643 1358 1789 1387 maxima
1812 1357 1914 1398 copia

93 1413 136 1443 ad
159 1412 288 1444 dictum
312 1412 438 1450 locum,
453 1418 487 1444 et
502 1413 706 1444 invenerunt
721 1419 842 1454 gentes
857 1412 989 1443 domini
1013 1412 1176 1453 Episcopi
1194 1411 1415 1442 dormientes:
1434 1420 1539 1452 quare
1556 1410 1726 1447 conflicti,
1742 1410 1865 1441 mortui
1882 1416 1916 1441 et

91 1465 184 1506 capti
209 1465 349 1496 fuerunt
373 1475 491 1496 omnes
515 1465 588 1496 sine
612 1465 727 1507 aliqua
751 1466 951 1497 defensione
977 1471 1044 1496 etc.

179 1518 311 1550 Eodem
335 1518 515 1550 millesimo
539 1524 573 1550 et
596 1529 723 1550 mense.
762 1518 945 1550 Niccolaus
960 1518 1113 1550 tribunus
1130 1517 1279 1550 civitatis
1294 1527 1433 1548 romane
1450 1516 1634 1548 destinavit
1657 1517 1793 1548 lieteras
1807 1517 1916 1548 omni-

91 1571 154 1603 bus
176 1571 386 1603 Comunibus
410 1578 444 1603 et
466 1571 623 1603 Dominis
647 1572 784 1614 Ytalye‚
808 1578 844 1603 ut
868 1572 1011 1603 mictere
1035 1571 1200 1603 deberent
1222 1570 1271 1603 ibi
1295 1571 1380 1602 duos
1402 1569 1650 1601 ambaxiatores
1673 1580 1735 1610 pro
1760 1569 1916 1611 quolibet

28 1624 68 1656 25
92 1624 238 1656 Domino
275 1630 308 1655 et
331 1623 490 1662 Comuni,
521 1625 601 1666 quia
627 1624 788 1667 generale
820 1625 1067 1665 parlamentum
1099 1624 1218 1655 facere
1250 1623 1451 1654 intendebat
1482 1632 1544 1664 pro
1575 1622 1664 1654 bono
1697 1629 1729 1654 et
1760 1623 1914 1663 pacifico

91 1682 181 1709 statu
204 1678 308 1708 totius
332 1678 569 1714 humanitatis;
595 1684 645 1709 set
669 1677 875 1719 procurabat
898 1677 991 1719 prius
1015 1677 1070 1708 die
1094 1678 1203 1718 primo
1228 1676 1363 1718 augusti
1387 1676 1527 1707 militem
1550 1675 1717 1707 decorari.

179 1731 313 1762 Eodem
336 1730 514 1761 millesimo
538 1736 571 1761 et
594 1731 669 1775 hiis¹
685 1730 906 1772 temporibus,
930 1730 1104 1762 discordia
1129 1729 1274 1761 maxima
1299 1728 1407 1760 crevit
1423 1729 1457 1759 in
1475 1729 1614 1760 civitate
1640 1728 1803 1760 Faventie
1827 1728 1914 1759 inter

89 1784 264 1815 dominum
290 1782 582 1827 Aymerigonem⁶
607 1784 767 1815 comitem
793 1783 1024 1815 Romandiole
1049 1793 1111 1824 pro
1135 1782 1303 1818 Ecclesia,
1330 1788 1363 1813 et
1387 1781 1562 1813 dominum
1587 1781 1779 1823 Johannem
1810 1781 1913 1811 filium

92 1837 280 1868 naturalem
304 1837 476 1878 quondam
501 1837 629 1868 domini
652 1836 795 1879 Ricardi
812 1836 855 1867 de
873 1835 1068 1867 Manfredis
1093 1836 1135 1867 de
1160 1835 1335 1873 Faventia,
1360 1835 1439 1876 quia
1456 1834 1605 1866 libenter
1627 1834 1759 1865 obediri
1777 1833 1916 1865 nolebat

27 1890 69 1921 30
93 1890 228 1921 domino
252 1890 397 1927 Comiti;
423 1890 512 1921 unde
536 1890 705 1921 recedens
732 1890 775 1921 de
794 1889 959 1921 Faventia
982 1890 1153 1931 ingressus
1177 1894 1228 1919 est
1251 1887 1541 1930 Bagnacavallum
1555 1886 1566 1903 ⁷
1583 1887 1617 1918 in
1634 1887 1728 1918 dicto
1746 1887 1914 1923 districtu,

88 1949 202 1975 tamen
225 1943 383 1974 dominus
408 1943 624 1974 Guillielmus
649 1943 721 1973 eius
756 1943 864 1973 frater
886 1942 1049 1973 remansit
1080 1942 1115 1972 in
1140 1941 1289 1973 civitate.
1336 1941 1436 1972 Tunc
1473 1941 1629 1972 dominus
1661 1939 1784 1971 Comes
1815 1940 1915 1980 petiit

92 2006 111 2027 a
135 1996 273 2027 domino
296 1996 462 2037 johanne,
486 2001 523 2027 ut
545 1996 610 2026 sibi
633 1996 785 2027 traderet
814 2001 939 2026 terram
965 1994 1228 2036 Bagnacavassi:
1261 1994 1318 2036 qui
1342 1993 1497 2025 dominus
1520 1993 1694 2035 Johannes
1725 1993 1914 2034 respondit,

93 2049 186 2090 quod
209 2050 327 2080 facere
351 2048 572 2080 intendebat!

180 2100 401 2143 Quapropter
425 2102 536 2133 dictus
562 2100 684 2132 Comes
709 2102 855 2133 detineri
879 2101 963 2133 fecit
992 2101 1164 2132 dominum
1191 2099 1421 2132 Guillielmum
1445 2100 1516 2131 eius
1540 2100 1692 2136 fratrem,
1715 2099 1914 2140 significans

31 2154 70 2186 35
94 2155 231 2186 domino
255 2155 413 2196 Johanni,
437 2156 530 2196 quod
560 2156 587 2186 si
612 2155 642 2186 ei
668 2165 733 2186 non
758 2155 868 2186 tradet
892 2154 1192 2196 Bagnacavallum,
1216 2154 1408 2195 decapitari
1432 2153 1537 2184 faciet
1563 2153 1734 2184 dominum
1760 2152 1917 2184 Guilliel-

95 2218 200 2238 mum:
227 2218 293 2250 que
318 2208 430 2239 omnia
453 2208 689 2249 pervenientia
713 2208 756 2239 ad
779 2218 878 2239 aures
902 2208 1050 2248 plurium
1075 2206 1276 2237 murmurari
1301 2213 1476 2247 ceperunt,
1506 2212 1538 2236 et
1569 2205 1792 2236 consulebant
1823 2205 1916 2236 dicto

95 2261 221 2297 comiti,
245 2267 281 2292 ut
306 2262 500 2293 dimicteret
523 2261 699 2292 dominum
724 2261 970 2297 Gusslielmum,
989 2267 1021 2292 et
1044 2261 1154 2301 ipsum
1172 2260 1313 2291 haberet
1336 2266 1509 2300 tamquam
1526 2259 1684 2294 amicum,
1700 2264 1733 2289 et
1755 2258 1803 2289 sic
1820 2258 1914 2289 fecit.

181 2314 309 2345 Eodem
334 2314 523 2351 millesimo,
547 2314 590 2345 de
608 2325 723 2345 mense
747 2314 833 2357 julii.
880 2314 1021 2354 Incepta
1039 2320 1090 2344 est
1105 2323 1231 2355 guerra
1254 2312 1342 2343 inter
1365 2312 1534 2343 Comitem
1551 2311 1739 2352 predictum
1757 2316 1792 2342 et
1809 2311 1917 2342 domi-

94 2376 172 2397 num
197 2366 387 2408 Johannem
412 2367 455 2398 de
479 2367 691 2400 Manfredis;
716 2373 750 2398 et
774 2367 919 2409 quilibet
944 2366 1169 2408 congregavit
1192 2364 1433 2407 stipendiarios
1456 2365 1590 2401 multos,
1613 2370 1650 2395 ut
1673 2363 1798 2395 bellum
1823 2373 1915 2394 com-

187 2515 207 2532 1.
229 2506 297 2540 Avi]
317 2509 374 2531 Ani
395 2509 473 2538 AB}
493 2517 584 2533 manca
603 2510 629 2532 1'11
650 2509 726 2532 MUR.
747 2522 778 2525 —
800 2508 823 2532 S.
843 2510 909 2539 dopo
929 2509 1032 2532 Eodem
1053 2509 1079 2531 in
1099 2509 1122 2531 Α
1142 2516 1224 2539 segue
1243 2508 1289 2530 <lie
1308 2508 1418 2530 cancell.
1437 2515 1482 2529 can
1502 2515 1534 2528 m!
1555 2507 1616 2537 rigo
1637 2518 1668 2522 —
1691 2510 1730 2535 15.
1755 2507 1783 2528 et
1803 2505 1916 2528 ordina-

97 2552 199 2574 verunt
218 2550 241 2573 A
255 2551 279 2573 B
298 2562 330 2567 —
354 2556 391 2580 17.
409 2550 512 2574 Curiae
533 2551 608 2574 Mmz.
630 2564 660 2567 ——
684 2550 723 2574 18.
743 2551 872 2581 duorum]
894 2551 1075 2574 dominorum
1096 2551 1172 2573 Mun.
1193 2562 1225 2567 —-
1246 2556 1286 2572 20-
1306 2548 1413 2579 Tremi]
1434 2547 1534 2571 Trenti
1553 2548 1630 2571 Mun.
1651 2561 1682 2563 —
1709 2547 1749 2570 26.
1770 2548 1834 2576 dopo
1855 2554 1917 2578 pro-

98 2592 211 2615 curabat
230 2593 256 2615 in
277 2593 300 2615 Α
320 2601 401 2623 segue
420 2600 481 2616 curn
502 2592 612 2616 malitia
631 2594 753 2616 maxima
772 2595 882 2617 cancell.
902 2602 946 2616 con
966 2601 998 2616 nn
1019 2594 1080 2623 rig-o
1101 2605 1131 2608 —
1154 2598 1193 2622 27.
1214 2592 1317 2615 Eodem
1407 2589 1476 2621 hiis]
1496 2590 1527 2613 In
1547 2590 1591 2612 his
1611 2590 1687 2613 Mun.
1707 2602 1715 2606 -
1735 2589 1853 2612 civitate
1867 2589 1917 2612 Fa-

98 2634 194 2657 ventie
213 2642 279 2665 agg.
299 2636 342 2658 sul
360 2635 421 2666 rigo
441 2635 466 2658 in
487 2635 510 2658 A
530 2649 560 2652 —
582 2642 621 2666 29.
642 2635 756 2659 obedire
775 2643 843 2659 corr.
863 2635 941 2659 Mun.
963 2648 993 2652 —
1015 2635 1056 2665 36.
1077 2641 1248 2657 murmurare
1268 2641 1336 2657 corr.
1357 2633 1434 2656 Mun.
1454 2646 1484 2650 —
1506 2637 1545 2663 37.
1566 2629 1689 2663 haberet]
1710 2631 1809 2654 habere
1829 2631 1852 2654 Α

54 2740 68 2764 5
184 2733 190 2748 ¹
211 2735 297 2762 Avi0‚
318 2742 333 2758 a
353 2734 385 2765 48
405 2735 454 2758 kil.
476 2736 547 2759 circa
567 2736 603 2759 da
617 2736 734 2761 Trento,
1118 2733 1128 2747 ³
1148 2732 1279 2758 Localita
1299 2742 1314 2757 a
1336 2735 1384 2756 noi
1405 2734 1521 2765 ignota;
1542 2732 1599 2756 cosi
1621 2732 1655 2755 ha
1675 2732 1695 2755 il
1717 2733 1799 2755 testo.

182 2774 192 2790 ²
211 2776 339 2807 Caprino
360 2777 501 2801 Veronese
520 2785 535 2800 a
555 2784 589 2809 30
607 2778 657 2801 kil.
678 2779 752 2801 circa
773 2779 807 2801 da
827 2778 950 2801 Verona.
1119 2775 1129 2791 ⁶
1150 2778 1308 2800 Aimericus
1329 2777 1360 2799 de
1381 2775 1502 2799 Chaslus
1522 2774 1555 2798 de
1580 2775 1722 2805 Limoges,
1749 2781 1868 2797 vescovo
1888 2773 1917 2796 di

181 2817 192 2833 ³
211 2818 362 2842 Malatesta
379 2819 405 2842 11
425 2819 450 2842 d.
471 2818 719 2852 Guastasamiglia‚
740 2827 856 2844 suoeero
872 2820 900 2843 dl
916 2820 979 2842 Ber·
1031 2820 1166 2843 Ravenna
1180 2819 1363 2850 (1322-133zl,
1378 2819 1426 2848 poi
1443 2818 1469 2840 di
1486 2815 1813 2848 Chartres(1332-134z).
1835 2815 1917 2839 Crea-

97 2861 227 2884 nardino·
1032 2864 1062 2885 to
1083 2861 1236 2885 Cardinale
1256 2861 1300 2884 del
1321 2861 1366 2884 tit.
1387 2860 1429 2883 dei
1451 2859 1496 2883 SS.
1516 2859 1655 2882 Silvestro
1676 2866 1688 2881 e
1703 2858 1829 2881 Mai-tino
1845 2858 1863 2880 il
1885 2864 1918 2880 20
1948 2861 1976 2886 15

182 2901 192 2917 ⁴
211 2901 297 2926 Coira
313 2903 357 2926 nel
372 2902 501 2926 Cantone
515 2903 558 2927 dei
574 2903 728 2934 Grigioni:
745 2911 778 2927 ne
797 2911 843 2927 era
859 2911 980 2927 vescovo
1033 2903 1146 2926 ottobre
1171 2908 1244 2933 1342.
1281 2901 1353 2925 Mori
1378 2901 1396 2923 il
1419 2907 1431 2931 7
1455 2908 1546 2923 marzo
1568 2907 1642 2930 1349,
1681 2899 1783 2927 Eumm,
1803 2903 1842 2929 op.
1862 2900 1917 2925 cit..

41 2950 72 2967 ιο
97 2943 189 2967 allora
207 2944 305 2967 Ulri‹·o
325 2944 358 2968 de
378 2944 534 2976 Lenzburg.
571 2945 604 2968 V.
624 2946 727 2973 Eurum,
752 2946 913 2969 Hierarcln'a
930 2946 980 2969 Ca-
1033 2952 1077 2976 pp.
1100 2943 1159 2975 436,
1182 2951 1243 2975 173³
1265 2943 1438 2971 Cilicon-ius,
1455 2942 1490 2969 ΙΙ,
1510 2948 1599 2974 49¹·2·

97 2986 192 3009 thelica
212 2987 301 3010 Medii
318 2987 396 3015 Aevi,
416 2994 442 3018 p.
461 2994 504 3019 99,
524 2988 700 3017 monasterii,
723 2986 797 3018 1898.
1122 2984 1132 3000 7
1153 2985 1362 3016 Bagnacavallo
1382 2991 1397 3008 a
1418 2990 1451 3008 20
1470 2984 1518 3007 kil.
1540 2984 1573 3008 da
1591 2983 1733 3007 Ravenna.

1990 528 2083 544 c.115r

1981 946 2002 964 M
2009 951 2054 971 cn„
2070 947 2109 969 ⁴38

2002 2110 2022 2126 c.
2036 2110 2073 2127 115
2084 2110 2097 2123 v
