2360 3603
115 240 168 275 [A.
188 241 280 275 1³47]
745 234 1060 270 CHRONICON
1090 234 1319 269 ESTENSE
1864 233 1932 271 157

114 365 157 396 de
174 365 325 397 Cexenis
340 364 359 403 ¹,
377 371 411 396 et
427 365 562 396 iverunt
578 364 783 402 Ariminum,
798 365 857 396 ubi
874 376 937 406 per
962 366 1134 396 dominum
1153 365 1368 397 Malatestam
1381 364 1392 380 ²
1410 364 1568 396 honorati
1585 371 1661 396 sunt
1677 375 1803 396 omnes.
1850 364 1930 396 Alio

114 417 169 449 die
185 418 248 448 ivit
271 417 440 449 Urbinum
463 424 496 449 et
519 418 725 449 Fabrianum
739 417 761 455 ³,
785 418 912 450 deinde
936 418 1129 461 Fulignum,
1147 418 1276 450 deinde
1295 419 1467 450 civitatem
1486 417 1608 460 Aquile
1624 418 1646 456 ⁴,
1662 418 1719 450 ubi
1736 417 1936 459 suprastetit

112 480 176 511 per
192 471 324 512 aliquos
349 471 433 503 dies.

200 524 332 555 Eodem
357 524 537 555 millesimo
562 530 595 556 et
618 534 735 556 meuse
761 524 965 556 decembris.
1011 525 1149 567 Regina
1181 525 1362 566 Neapolim
1387 536 1453 567 que
1476 536 1538 566 per
1560 530 1667 557 totum
1692 524 1810 556 orbem
1835 524 1937 555 diffa-

69 576 87 607 5
112 577 266 609 mabatur
279 577 290 594 ⁵
314 583 456 618 propter
480 583 624 609 mortem
648 577 823 608 crudelem
847 578 938 620 regis
962 577 1148 610 Andriaxii
1171 578 1222 609 sui
1241 578 1315 615 viri,
1334 584 1367 609 et
1384 578 1499 609 fratris
1517 579 1643 619 prefati
1661 578 1752 619 regis
1768 577 1935 619 Ungarie,

111 631 228 661 volens
250 630 487 670 preambulum
510 640 675 661 summere
693 641 751 661 sue
769 630 1008 666 excusationis,
1032 630 1282 662 ambaxiatores
1306 638 1339 661 et
1362 630 1476 662 literas
1500 631 1684 662 destinavit
1701 630 1840 662 domino
1863 630 1937 672 regi

111 682 265 724 Ungarie
289 683 458 724 predicto,
484 683 542 724 qui
566 683 724 714 notitiam
748 683 878 714 habens
902 684 1053 715 veritatis
1077 684 1137 720 rei,
1162 684 1193 714 ei
1217 683 1393 724 respondit
1410 684 1537 715 taliter:
1555 682 1727 723 Julzuuna,
1744 684 1936 714 inordinata

110 736 182 767 vita
212 736 401 777 precedens,
432 736 575 766 retentio
595 736 772 778 potestatis
795 737 830 766 in
855 736 993 778 Regno,
1017 736 1172 778 neglecta
1203 737 1352 767 vindicta
1383 741 1416 768 ct
1439 737 1604 768 excusatio
1627 737 1821 778 subsequens
1851 737 1937 766 necis

111 789 163 819 tui
191 789 266 820 Viri
286 789 410 831 probat
432 793 463 819 te
478 788 593 831 fuisse
615 789 830 831 participem.
872 787 1031 829 Johannc
1055 793 1087 820 et
1110 789 1244 821 consilio
1269 791 1348 821 cius.

51 842 88 872 lo
199 841 331 873 Eodem
355 841 535 873 millesimo
560 847 593 873 et
617 852 730 873 mense
764 842 967 873 decembris.
1014 842 1180 873 Dominus
1210 842 1384 874 Tribunus
1416 853 1574 874 romanus
1597 854 1663 874 una
1694 853 1772 875 cum
1797 842 1937 874 domino

112 893 241 926 vicario
266 894 395 926 domini
419 893 513 935 Pape
538 895 688 926 existens
719 895 752 925 in
777 895 889 926 Roma
921 895 954 925 in
986 894 1126 936 publico
1158 895 1335 933 conscilio,
1368 896 1436 927 duo
1459 902 1730 937 proposuerunt;
1762 896 1873 937 primo
1909 894 1936 925 si

111 952 186 979 erat
208 948 405 989 ponendum
429 957 614 990 gravamen
638 947 718 979 salis
733 947 768 978 in
785 948 923 979 civitate
941 958 1002 989 pro
1019 954 1113 978 certo
1131 948 1259 988 pretio;
1277 949 1429 980 secundo
1453 949 1479 980 si
1497 955 1570 980 erat
1586 949 1767 991 eligendus
1790 947 1938 979 offitialis

111 999 260 1031 civitatis
283 999 423 1031 Peruxii
448 1000 484 1031 in
508 1000 725 1041 capitaneum
748 1010 882 1042 guerre,
907 1006 941 1032 et
965 1010 1069 1042 super
1093 1000 1168 1031 aliis
1193 1001 1403 1039 officialibus,
1428 1001 1507 1043 quia
1532 1001 1626 1033 cives
1650 1011 1717 1033 non
1736 1007 1832 1032 erant
1850 1010 1932 1031 con-

112 1053 235 1084 cordes
259 1059 294 1084 et
317 1053 431 1084 taliter
454 1059 710 1091 recusaverunt,
735 1054 829 1094 quod
853 1063 921 1085 non
946 1053 1043 1084 fieret
1067 1059 1133 1084 etc.

50 1106 86 1137 1³
198 1106 329 1137 Eodem
354 1106 533 1137 millesimo
557 1105 614 1137 die
639 1106 773 1137 veneris
803 1115 855 1137 vu
886 1106 972 1137 dicti
1003 1106 1139 1138 mensis.
1186 1107 1354 1139 Dominus
1382 1106 1556 1138 Tribunus
1580 1107 1804 1150 congregavit
1827 1106 1938 1138 consi-

109 1159 200 1196 lium,
224 1165 258 1190 et
281 1158 417 1190 addidit
440 1159 475 1190 in
499 1158 591 1190 dicto
610 1159 753 1190 consilio
774 1168 932 1190 xxxvun
953 1158 1145 1200 Sapientes,
1161 1169 1357 1200 proponens
1374 1160 1433 1197 eis,
1450 1161 1541 1202 quod
1559 1161 1595 1191 in
1612 1170 1753 1191 numero
1771 1160 1937 1191 dictorum

110 1221 264 1242 xxxvnn
287 1212 354 1242 duo
379 1217 477 1242 erant
500 1211 701 1252 proditores,
726 1222 868 1252 quorum
893 1222 979 1242 unus
1003 1211 1201 1253 Jacobellus
1225 1212 1446 1254 Ganellucius
1463 1219 1545 1243 erat.
1584 1213 1684 1243 Tunc
1708 1223 1851 1255 surgens
1867 1211 1939 1253 qui-

109 1265 188 1296 dam
211 1264 398 1296 Folchetus
421 1264 693 1306 consanguineus
718 1264 802 1295 dicti
825 1263 1004 1306 Jacobelli‚
1036 1263 1154 1295 volens
1177 1265 1366 1296 substinere
1397 1265 1608 1307 Jacobellum
1633 1276 1700 1297 non
1724 1276 1796 1297 esse
1821 1264 1938 1306 prodi-

109 1324 217 1349 torem
241 1317 387 1348 viriliter
410 1323 533 1348 contra
554 1327 788 1359 quoscumque
812 1317 848 1348 iu
874 1317 974 1355 bello,
998 1323 1033 1348 et
1056 1318 1395 1360 quomodocumque,
1420 1324 1500 1350 tunc
1528 1319 1723 1350 Consiliarii
1753 1317 1937 1359 populares

45 1372 87 1402 20
111 1371 332 1412 expulserunt
355 1370 432 1402 illos
454 1379 610 1401 xxxvmi
636 1381 713 1401 cum
737 1370 888 1411 dampno
911 1381 1134 1411 personarum
1159 1377 1192 1402 et
1216 1371 1439 1408 detriment03
1466 1378 1605 1413 propter
1629 1372 1722 1413 quod
1745 1371 1846 1403 Cives
1873 1381 1935 1411 pro

111 1424 234 1455 maiori
257 1428 353 1464 parte
378 1428 605 1455 cucurrerunt
627 1424 673 1455 ad
696 1434 790 1454 arma
815 1424 852 1455 in
874 1424 1029 1455 savorem
1054 1423 1139 1455 dicti
1162 1423 1333 1456 Tribuni'.

198 1477 329 1509 Eodem
354 1476 547 1517 millesimo,
570 1477 626 1508 die
652 1476 689 1507 x⁰
712 1476 838 1508 mensis
862 1475 1066 1508 decembris.
1112 1477 1279 1508 Dominus
1302 1478 1477 1510 Tribunus
1508 1488 1667 1510 romanus
1698 1478 1731 1508 in
1759 1477 1936 1519 prexentia

109 1530 240 1562 domini
264 1529 383 1560 vicarii
407 1529 535 1561 domini
559 1529 655 1570 Pape
679 1530 904 1572 congregavit
920 1530 1133 1567 conscilium,
1150 1531 1184 1561 in
1202 1541 1269 1572 quo
1286 1531 1427 1562 multum
1446 1531 1626 1563 excusavit
1642 1531 1809 1572 Populum
1827 1541 1936 1561 roma-

110 1594 189 1615 num
213 1583 255 1614 de
280 1592 422 1614 eccessu
447 1582 624 1614 antedicto
650 1583 752 1619 facto,
778 1582 931 1614 offerens
955 1583 1101 1614 officium
1126 1583 1317 1615 tribunatus
1341 1583 1505 1621 obtinere,
1531 1591 1565 1616 et
1588 1594 1706 1626 regere
1724 1594 1858 1625 semper
1875 1583 1937 1614 ad'

44 1637 83 1668 25
109 1637 342 1677 volunptatem
368 1642 402 1667 et
424 1635 681 1676 beneplacitum
706 1636 836 1667 domini
859 1646 961 1677 pape,
985 1643 1019 1667 et
1042 1635 1225 1668 observare
1249 1637 1411 1678 capitula,
1435 1648 1501 1679 que
1525 1637 1587 1669 sibi
1612 1637 1762 1678 portavit
1779 1637 1935 1668 dominus

110 1687 309 1720 Kardinalis
333 1694 430 1729 parte
454 1687 582 1719 domini
606 1688 717 1729 Pape3
736 1699 801 1730 que
818 1688 970 1729 capitula
992 1689 1139 1730 populus
1155 1689 1253 1730 petiit
1269 1689 1402 1720 audire.
1448 1690 1621 1721 Tribunus
1644 1696 1757 1721 autem
1782 1700 1817 1721 se
1835 1699 1938 1721 excu-

110 1741 208 1778 savit,
233 1742 327 1782 quod
350 1741 494 1782 spatium
519 1739 588 1771 diei
609 1733 680 1772 'non
705 1741 848 1773 haberet
871 1741 915 1772 ad
932 1742 1116 1784 legendum
1135 1742 1257 1775 omnia.
1296 1742 1445 1783 Propter
1461 1743 1553 1785 quod
1570 1743 1721 1784 Populus
1738 1743 1935 1784 respondit:

110 1794 273 1836 quicquid
291 1795 522 1836 acceptaverit
544 1794 707 1832 tribunus,
732 1804 794 1825 non
816 1795 862 1826 sit
882 1805 942 1825 nec
966 1795 1033 1826 erit
1049 1795 1084 1826 in
1101 1795 1290 1837 prez‘adicio
1315 1796 1446 1838 Populi
1474 1796 1616 1827 romani.
1661 1796 1762 1827 Tunc
1788 1795 1934 1826 vicarius

110 1847 196 1879 dicti
219 1846 315 1888 Pape
338 1847 512 1888 ingressus
537 1853 589 1877 est
612 1845 777 1878 Sanctum
803 1847 941 1879 Petrum
965 1848 1011 1879 ad
1034 1848 1232 1889 hospitium.

46 1901 88 1931 30
199 1900 263 1932 Die
281 1901 334 1931 ΧΙο
350 1900 433 1932 dicti
449 1900 587 1936 mensis,
605 1901 647 1932 de
663 1911 773 1938 mane,
790 1901 936 1932 vicarius
954 1901 1082 1933 domini
1100 1901 1193 1942 Pape
1210 1902 1351 1933 recessit
1369 1902 1411 1934 de
1430 1902 1575 1934 Civitate
1592 1912 1742 1940 romana,
1760 1908 1794 1933 et
1809 1902 1939 1944 ingres--

110 1964 166 1984 sus
189 1959 240 1984 est
262 1952 622 1989 Montem-flisconem,
640 1958 674 1983 et
689 1953 736 1984 ibi
753 1962 880 1984 moram
898 1953 1014 1992 traxit,
1030 1954 1270 1985 demonstrans
1286 1954 1375 1985 velle
1393 1955 1583 1996 procedere
1600 1961 1720 1986 contra
1744 1954 1935 1986 Tribunum

112 2012 147 2038 et
170 2006 338 2047 Populum
361 2017 554 2038 romanum:
579 2012 790 2048 quapropter
810 2007 955 2047 populus
972 2007 1126 2038 turbatus
1142 2013 1193 2038 est
1209 2013 1329 2039 contra
1353 2008 1526 2039 dominum
1550 2008 1678 2049 Papam
1704 2015 1736 2038 et
1759 2007 1936 2038 vicarium.

198 2060 262 2091 Die
285 2058 446 2091 mercurii
470 2069 521 2090 ΧΗ
546 2058 751 2090 decembris.
798 2059 973 2091 Tribunus
996 2060 1174 2101 predictus
1198 2060 1283 2091 fecit
1301 2061 1446 2092 relaxari
1463 2060 1658 2092 carceribus
1682 2061 1879 2092 Prefectum
1905 2066 1938 2091 et

113 2111 215 2143 filium
239 2113 311 2144 eius
335 2118 370 2144 et
400 2112 515 2153 pransi
545 2118 621 2143 sunt
645 2122 721 2143 cum
752 2111 909 2144 Tribuno
934 2113 1001 2144 leta
1025 2113 1131 2147 facie;
1156 2119 1258 2145 nocte
1282 2114 1556 2155 superveniente,
1583 2114 1713 2145 recludi
1738 2114 1823 2145 fecit
1846 2114 1938 2154 ipsos

46 2164 86 2196 35
111 2165 321 2201 carceribus;
346 2165 413 2196 alio
439 2165 496 2196 die
519 2165 677 2196 similiter
700 2165 882 2197 extrahere
906 2166 992 2197 fecit
1014 2175 1082 2202 eos,
1105 2172 1139 2197 et
1163 2176 1225 2207 per
1249 2172 1355 2197 totam
1380 2166 1471 2197 diem
1496 2166 1600 2198 locuti
1617 2172 1694 2197 sunt
1709 2166 1755 2197 ad
1770 2166 1935 2203 invicem;

112 2224 146 2249 et
169 2218 291 2250 eadem
315 2218 372 2250 die
395 2228 463 2259 pax
486 2218 580 2249 iacta
601 2224 651 2249 est
672 2218 762 2249 inter
786 2217 917 2249 dictum
939 2218 1136 2250 prefectum
1162 2224 1195 2250 et
1211 2219 1404 2250 Zordanum
1422 2220 1464 2250 de
1483 2220 1611 2260 Monte,
1629 2220 1671 2250 de
1688 2219 1887 2260 volunptate
1904 2225 1937 2250 et

113 2281 218 2312 opere
241 2271 370 2303 domini
394 2271 551 2302 Tribuni.
599 2271 643 2302 Et
666 2271 710 2302 ad
741 2271 911 2302 cautelam
943 2271 1030 2303 filius
1054 2271 1209 2303 Prefecti
1232 2272 1370 2313 accepit
1393 2272 1428 2303 in
1451 2283 1591 2304 uxorem
1617 2273 1719 2303 filiam
1742 2272 1828 2303 dicti
1851 2272 1936 2316 §Tor-

201 2409 225 2431 4.
239 2401 392 2425 millesimo
412 2403 439 2425 et
453 2409 500 2424 om.
516 2401 593 2424 Mun.
613 2413 623 2418 -
642 2401 808 2432 Neapolim;
830 2401 986 2432 Neapolieu
1009 2401 1047 2430 Ag
1067 2402 1202 2432 Neapolis
1222 2402 1298 2425 MUR.
1315 2415 1345 2419 —
1362 2408 1383 2432 7.
1399 2403 1425 2426 ei
1439 2411 1530 2426 manca
1546 2403 1571 2426 B
1583 2403 1658 2426 Mun.
1674 2416 1704 2420 --
1722 2409 1759 2425 10.
1780 2402 1933 2426 millesimo

114 2445 141 2466 et
160 2451 208 2467 om.
228 2444 305 2467 Μυκ.
325 2457 357 2461 -
380 2450 419 2467 12.
433 2441 598 2474 gravamen]
612 2443 738 2474 graviter
751 2443 774 2466 A
787 2444 813 2467 Β
827 2456 858 2460 —-
877 2450 964 2474 13-14.
979 2441 1142 2476 concordes]
1157 2445 1289 2467 concord.
1304 2445 1328 2467 A
1340 2445 1380 2474 83
1395 2444 1561 2468 concordati
1581 2444 1658 2469 Mun.
1679 2457 1710 2461 —
1732 2450 1772 2476 ²7·
1793 2442 1930 2476 Populus]

113 2485 245 2509 dominus
267 2486 291 2509 Β
308 2484 387 2509 Mun.
406 2497 417 2502 -
438 2484 598 2516 respondit]
619 2485 750 2516 respond.
771 2486 794 2508 A
807 2486 845 2512 B;
867 2486 1039 2517 respondens
1065 2485 1141 2510 Mna.
1168 2499 1198 2502 —
1220 2493 1261 2517 33.
1281 2486 1439 2510 Perfectum
1462 2487 1484 2510 Α
1497 2487 1522 2510 Β
1541 2501 1570 2504 -
1591 2485 1632 2517 36.
1648 2486 1767 2517 dictum]
1787 2487 1933 2510 dominum

116 2527 228 2551 BMUR.
246 2539 256 2545 -
276 2527 434 2550 Perfectum
455 2528 479 2550 A
492 2528 517 2550 B
536 2540 567 2544 —
589 2533 630 2558 37.
651 2527 774 2550 Persecti
794 2528 818 2551 A
832 2528 855 2552 Β

70 2635 83 2660 ς
200 2627 207 2643 ¹
227 2627 335 2652 Cesena
355 2636 370 2652 a
390 2629 440 2652 kil.
462 2635 494 2652 20
514 2629 548 2652 da
568 2627 647 2652 Forli
667 2635 681 2651 e
702 2636 716 2651 a
735 2635 770 2660 30
789 2629 822 2652 da
843 2627 963 2652 Rimini.
1052 2627 1133 2656 Lem.
1158 2629 1271 2653 Antonio
1298 2638 1311 2652 ε
1336 2630 1447 2653 Νίεεοίὸ
1472 2630 1507 2653 da
1536 2631 1669 2657 Ferrara,
1690 2638 1736 2662 pp.
1759 2636 1808 2654 100
1827 2638 1840 2653 e
1866 2637 1935 2661 sgg..
1966 2638 1996 2662 ις

200 2668 210 2684 ²
229 2670 381 2694 Malatesta
400 2670 442 2694 de'
463 2671 606 2694 Malatesti
627 2671 661 2694 da
681 2670 794 2701 quando
815 2670 836 2694 il
858 2670 896 2694 Re
911 2669 995 2693 d'Un-
1050 2671 1079 2694 in
1109 2671 1193 2694 Atti
1225 2679 1239 2694 e
1261 2671 1359 2694 Mem.
1391 2671 1491 2695 della
1522 2671 1610 2704 Dep.
1642 2671 1740 2695 Ferr.
1773 2672 1807 2695 di
1838 2671 1936 2695 Stor.

112 2711 209 2743 gheria
228 2712 272 2735 nel
292 2719 342 2735 suo
360 2713 508 2744 passaggio
530 2720 578 2743 per
603 2711 711 2735 Rimini
739 2712 767 2735 lo
793 2711 895 2737 decoro
921 2711 996 2735 della
1050 2712 1165 2736 Patr..
1185 2712 1250 2736 Vol.
1271 2712 1343 2736 XIX.
1365 2720 1440 2744 1909.

113 2753 229 2781 milizia,
246 2753 274 2776 fu
294 2752 374 2776 detto
397 2752 554 2785 “Unghero
569 2772 581 2785 η
599 2750 645 2784 (G.
666 2753 800 2781 V1LLAN1,
823 2753 910 2783 Cron„
932 2753 996 2777 libr.
1138 2753 1148 2769 ³
1169 2754 1279 2778 Urbino
1299 2763 1314 2778 a
1336 2761 1368 2786 70
1387 2755 1438 2779 kil.
1458 2755 1492 2779 da
1512 2755 1620 2779 Rimini
1642 2763 1655 2778 e
1675 2756 1705 2785 87
1727 2756 1761 2779 da
1787 2755 1936 2779 Fabriano.

113 2793 186 2822 Vm,
207 2801 266 2825 cap.
288 2794 356 2825 ¹07)·
393 2795 433 2818 Fu
452 2802 508 2818 uno
529 2795 572 2818 dei
594 2792 643 2826 piu
663 2795 795 2818 brillanti
815 2794 930 2826 Signori
952 2795 996 2818 del
1141 2799 1150 2813 ⁴
1170 2797 1295 2828 Foligno
1316 2805 1330 2820 a
1351 2803 1382 2829 53
1402 2798 1452 2820 kil.
1473 2798 1507 2821 da
1528 2797 1668 2821 Fabriano
1689 2805 1702 2821 e
1722 2798 1756 2821 da
1775 2797 1890 2828 Aquila.

56 2843 88 2861 10
114 2838 252 2860 trecento:
272 2837 359 2868 prode
377 2837 408 2860 in
427 2844 537 2869 guerra,
558 2837 653 2861 milito
673 2838 699 2860 al
715 2837 795 2861 soldo
815 2837 858 2860 dei
874 2837 997 2860 Comuni
1138 2837 1148 2852 ⁵
1167 2838 1208 2862 La
1228 2839 1369 2862 relazione
1388 2842 1543 2871 perrenuta
1563 2839 1590 2862 al
1612 2840 1737 2862 cronista
1757 2839 1788 2863 G.
1810 2839 1844 2862 da
1870 2840 1936 2862 Baz-
1966 2846 1998 2863 20

114 2886 127 2901 e
147 2878 387 2911 dell’Imperatore
407 2879 453 2902 dal
479 2879 560 2910 quale
583 2880 611 2903 su
637 2881 731 2902 creato
755 2886 805 2903 suo
831 2880 939 2902 vicario
966 2880 996 2903 in
1051 2888 1122 2903 zano
1142 2881 1301 2910 (Chronicon
1322 2882 1402 2911 Mat„
1422 2881 1452 2904 in
1474 2882 1537 2904 RR.
1559 2882 1597 2904 ll.
1621 2882 1679 2909 SS..
1705 2881 1764 2911 XV,
1791 2882 1870 2913 parte
1896 2887 1937 2904 ιν,

113 2920 198 2944 Siena
217 2921 284 2946 l’an.
309 2920 374 2951 1368
393 2920 438 2953 (A.
466 2928 497 2945 D1
521 2921 614 2951 TURA,
645 2922 724 2946 Cron.
752 2922 846 2945 Senese
875 2923 902 2944 in
932 2922 996 2945 RR.
1051 2930 1076 2954 p.
1100 2929 1158 2953 142,
1179 2929 1206 2945 n.
1225 2921 1279 2950 ed.)
1300 2923 1342 2946 sul
1370 2924 1481 2953 tragico
1502 2923 1574 2946 fatto
1595 2923 1809 2946 dell'uccisione
1830 2923 1856 2946 di
1879 2923 1935 2945 An-

118 2964 155 2988 ΙΙ.
171 2964 230 2991 SS..
245 2963 304 2992 XV,
318 2964 389 2995 913).
426 2963 569 2987 Letterato
584 2965 608 2988 sl
623 2964 806 2995 compiacque
818 2964 893 2996 degli
907 2964 998 2987 nomi·
1052 2965 1115 2988 drea
1136 2964 1309 2996 ‹l’Ungheria
1334 2964 1348 2988 ὲ
1368 2965 1418 2988 ben
1440 2966 1551 2989 diversa
1570 2973 1583 2989 e
1603 2973 1659 2989 nou
1681 2964 1738 2988 cosi
1759 2965 1936 2988 sfavorevole

115 3005 145 3029 ni
164 3006 240 3029 dotti
263 3012 277 3028 e
296 3006 372 3036 degli
391 3007 509 3030 artistic
529 3006 559 3029 fu
579 3008 672 3030 amico
692 3006 736 3029 del
750 3006 890 3035 Petrarca,
912 3006 947 3029 cf.
968 3006 996 3029 E.
1051 3007 1107 3029 alla
1128 3006 1236 3038 Regina
1257 3005 1423 3030 Giovanna.

2023 1488 2041 1501 C.
2057 1488 2118 1502 1200

2007 1642 2072 1661 Mun.
2085 1643 2124 1665 446
