2360 3603
181 2381 199 2395 C.
234 2380 262 2393 ’r

195 819 260 837 ,φιν

345 249 415 285 110
972 247 1284 284 CHRONICON
1312 247 1541 283 ESTENSE
1867 252 1950 287 [AA.
1972 254 2166 287 iaso-1340]

1078 401 1398 434 Mcccxxxvm
1401 401 1430 444 J.

423 489 476 519 De
499 499 614 519 mense
637 487 792 530 januarii.
816 486 983 518 Dominus
1006 485 1156 528 Jacobus
1177 486 1338 527 princeps
1361 486 1405 518 de
1430 486 1462 518 la
1491 487 1613 519 Morea
1640 486 1805 519 conduxit
1829 487 1872 519 de
1896 488 2034 520 Feraria
2060 499 2165 531 usque

337 541 447 572 locum
470 551 529 572 sue
554 539 736 572 residentie
754 539 995 571 nobilissimam
1020 539 1192 570 dominam
1216 538 1387 571 dominam
1418 538 1612 571 Beatricem
1643 539 1745 571 filiam
1776 539 1913 572 illustris
1937 547 1970 573 et
1993 540 2166 583 magnifici

339 593 465 624 domini
489 593 617 624 domini
640 592 815 635 Raynaldi
830 590 1036 623 marchionis
1052 591 1192 623 estensis
1208 591 1243 621 in
1259 601 1413 622 uxorem:
1438 598 1577 633 propter
1594 590 1687 633 quod
1703 592 1887 623 maximum
1909 593 2068 635 gaudium
2092 593 2167 623 fac-

337 652 407 677 tum
431 651 481 677 est
511 646 548 676 in
580 645 715 676 civitate
738 643 888 682 Ferarie‚
913 649 948 675 et
978 654 1041 685 per
1072 649 1178 675 tot-um
1211 643 1399 675 districtum
1430 644 1570 676 Ferarie
1603 643 1733 675 domini
1763 644 1981 677 Marchiones
2012 645 2169 677 fecerunt
2215 645 2232 675 5

336 698 401 730 sibi
425 704 458 730 et
480 698 547 729 suis
571 698 644 729 fieri
677 707 852 738 expensas.

423 751 555 782 Eodem
578 750 756 781 millesimo
781 749 836 781 die
860 759 913 780 ΧΗ
937 749 1062 781 mensis
1085 749 1248 781 februarii
1271 749 1408 791 prefata
1431 750 1571 781 domina
1586 749 1709 781 nobilis
1726 750 1865 781 domina
1881 748 2018 782 Beatrix
2042 749 2135 782 obiit.

424 803 556 835 Eodem
579 803 759 834 millesimo
783 807 817 834 et
841 811 967 834 mense.
991 802 1177 834 Maximum
1200 802 1345 844 prelium
1361 802 1426 834 fuit
1441 803 1476 833 in
1500 802 1654 834 districtu
1679 802 1870 835 Mediolani
1886 803 1974 834 inter
1997 803 2168 835 dominum

335 857 558 888 Loderixium
582 855 829 888 Vicecomitem
851 855 1052 894 Mediolani,
1077 860 1112 886 et
1136 855 1312 887 dominum
1327 855 1520 887 Luchinum
1544 855 1794 887 Vicecomitem
1810 854 2009 893 Mediolani,
2034 856 2068 887 in
2090 856 2168 888 loco

336 909 391 951 qui
415 909 540 941 dicitur
563 908 790 950 Parabiagus¹
816 908 982 939 Dominus
1005 906 1211 950 Loderigius
1234 906 1383 939 habebat
1405 907 1584 938 maximam
1602 907 1736 949 copiam
1753 907 2061 945 Theotonicorum3
2085 914 2166 939 tunc
2195 908 2232 939 10

335 961 524 993 vocabatur
546 971 671 1004 magna
694 960 869 992 sotieta52.
915 960 1079 992 Dominus
1102 959 1278 991 Luchinus
1309 965 1381 991 erat
1404 959 1452 991 ibi
1477 960 1626 991 existens
1648 970 1712 1001 pro
1736 960 1874 992 domino
1897 959 2041 1003 Accone
2064 960 2169 992 Vice-

336 1015 457 1046 comite
482 1014 621 1046 domino
646 1013 790 1045 civitatis
813 1013 1012 1051 Mediolani,
1036 1013 1070 1044 in
1094 1023 1161 1054 quo
1184 1014 1294 1054 prelio
1311 1013 1407 1045 multi
1423 1023 1464 1044 ex
1487 1019 1628 1055 utraque
1652 1019 1748 1054 parte
1763 1013 1887 1045 mortui
1910 1019 1988 1044 sunt
2004 1019 2037 1045 et
2061 1013 2168 1055 capti3

336 1074 449 1099 tamen
474 1073 593 1109 captus
616 1067 682 1098 fuit
706 1066 864 1099 dominus
886 1066 1073 1103 Luchinus‚
1099 1071 1132 1097 et
1156 1065 1213 1096 alii
1237 1065 1379 1104 nobiles,
1403 1065 1450 1098 ita
1473 1066 1566 1108 quod
1597 1076 1675 1107 pars
1706 1066 1778 1097 eius
1803 1066 1962 1098 conflicta
1985 1071 2067 1097 erat.
2113 1066 2170 1097 In-

335 1120 433 1151 terim
457 1120 604 1152 adcessit
627 1119 676 1151 ibi
698 1118 937 1151 Brandelixius
961 1119 1005 1151 de
1027 1119 1171 1151 Marano
1197 1129 1274 1150 cum
1297 1118 1455 1161 gentibus
1472 1119 1600 1150 domini
1616 1119 1823 1150 marchionis
1838 1118 2001 1161 Obiconis
2017 1118 2169 1156 estensis,

334 1173 435 1214 primi
459 1172 701 1215 consanguinei
726 1172 854 1204 domini
878 1171 1030 1214 Acconis
1046 1171 1281 1209 Vicecomitis,
1296 1171 1442 1203 viriliter
1458 1172 1652 1213 percutiens
1677 1171 1834 1203 inimicos
1858 1171 1989 1203 domini
2012 1171 2169 1210 Luchini,
2197 1171 2233 1202 15

335 1225 448 1256 taliter
471 1225 563 1268 quod
587 1235 705 1257 omnes
728 1226 845 1268 fugam
875 1225 1115 1266 adripuerunt;
1141 1230 1175 1256 et
1198 1225 1248 1256 sic
1281 1234 1422 1266 campus
1453 1225 1583 1256 domini
1615 1224 1763 1256 Luchini
1793 1230 2014 1265 recuperatus
2045 1229 2106 1263 est,
2137 1229 2171 1255 et

335 1278 477 1310 relaxati
499 1284 578 1310 sunt
601 1278 691 1320 capti
715 1288 843 1317 omneS,
871 1284 906 1310 et
936 1276 1111 1309 redierunt
1133 1277 1370 1310 Mediolanum
1396 1287 1472 1308 cum
1504 1287 1633 1309 summa
1663 1277 1775 1319 leticia
1805 1282 1839 1308 et
1861 1276 2017 1315 victoria,
2041 1276 2172 1308 condu-

334 1336 450 1362 centes
473 1331 708 1362 Mediolanum
733 1330 908 1362 dominum
931 1330 1153 1362 Loderixium
1178 1336 1315 1371 captum
1332 1336 1366 1362 et
1381 1330 1504 1361 multos
1520 1329 1605 1361 alios
1623 1335 1656 1361 et
1671 1330 1706 1361 in
1725 1328 1920 1361 carceribus
1937 1329 2022 1360 dicti
2040 1328 2171 1361 domini

334 1383 483 1426 Acconis
506 1384 733 1416 Vicecomitis
757 1384 925 1416 carcerati
948 1389 1037 1415 sunt.

421 1437 553 1469 Eodem
578 1437 767 1468 millesimo.
793 1436 992 1478 Campanile
1009 1436 1116 1468 sancti
1141 1436 1307 1478 Stephani
1330 1437 1373 1467 de
1398 1435 1554 1468 Ferraria
1579 1435 1715 1467 cecidit.
2194 1436 2236 1466 20

420 1491 553 1523 Eodem
576 1490 753 1522 millesimo
778 1490 833 1522 die
856 1499 915 1521 1111
939 1490 1064 1521 mensis
1079 1490 1153 1533 julii
1169 1490 1325 1522 dominus
1342 1489 1522 1522 Bertoldus
1538 1489 1690 1521 marchio
1708 1488 1848 1520 estensis
1865 1488 1959 1520 duxit
1982 1488 2017 1519 in
2031 1498 2173 1520 uxorem

335 1543 506 1575 dominam
530 1543 737 1576 Katellinam
761 1543 864 1574 filiam
888 1542 1016 1574 domini
1040 1543 1183 1585 Ricardi
1207 1543 1250 1574 de
1275 1543 1416 1575 Camino
1442 1543 1475 1573 in
1507 1542 1662 1574 Feraria:
1688 1548 1894 1584 quapropter
1921 1552 2045 1584 magna
2078 1540 2172 1572 curia

335 1597 429 1628 facta
453 1604 513 1629 est.

420 1649 551 1682 Eodem
574 1650 751 1682 millesimo
777 1650 821 1681 de
844 1659 960 1681 mense
985 1650 1127 1692 augusti.
1152 1649 1292 1681 Illustris
1317 1656 1351 1681 et
1373 1649 1571 1691 magnificus
1595 1649 1750 1680 dominus
1771 1648 1926 1680 dominus
1949 1646 2046 1690 Acco
2068 1647 2171 1679 Vice-

336 1713 450 1735 comes
472 1703 627 1736 dominus
650 1703 841 1735 Mediolani
865 1709 929 1735 etc.
955 1703 1081 1734 clauxit
1103 1703 1137 1734 in
1162 1703 1329 1741 extremis,
1355 1708 1388 1733 et
1413 1712 1489 1733 cum
1506 1702 1652 1733 maximo
1677 1702 1806 1734 honore
1822 1701 1973 1743 sepultus
1996 1699 2100 1737 fuit³;
2125 1700 2169 1731 de
2197 1700 2237 1731 25

335 1756 428 1788 cuius
450 1763 558 1789 morte
581 1756 688 1789 maior
710 1766 790 1798 pars
812 1755 1085 1788 Lombardorum
1109 1755 1296 1787 contristati
1319 1761 1406 1787 sunt.
1452 1755 1534 1788 Post
1549 1755 1615 1786 hec
1632 1755 1676 1786 de
1701 1755 1901 1796 volunptate
1925 1754 2073 1785 omnium
2095 1753 2172 1784 Me-

334 1809 579 1841 diolanensium
604 1809 804 1841 constitutus
828 1815 878 1840 est
901 1809 1056 1841 dominus
1079 1808 1171 1840 dicte
1196 1808 1340 1840 civitatis
1365 1814 1429 1840 etc.
1447 1807 1604 1840 dominus
1619 1807 1788 1839 Iohannes
1811 1807 2014 1838 Vicecomes
2037 1805 2174 1837 Medio-

334 1862 402 1893 lani
425 1862 705 1904 archiepiscopus
728 1862 819 1894 dicte
844 1861 988 1894 civitatis
1011 1861 1215 1898 Mediolani;
1240 1868 1354 1893 tamen
1371 1861 1478 1893 noluit
1502 1860 1640 1892 admicti
1663 1860 1829 1892 honorem
1852 1859 2175 1901 archiepiscopatus,

335 1921 387 1946 set
410 1916 445 1946 in
469 1916 541 1947 eius
565 1915 641 1947 loco
665 1915 809 1957 ipsemet
833 1914 1005 1946 constituit
1028 1914 1201 1946 dominum
1225 1914 1422 1957 generalem
1446 1914 1537 1946 dicte
1564 1913 1706 1945 civitatis
1738 1919 1771 1944 et
1802 1912 1971 1944 districtus
1999 1912 2172 1943 dominum

335 1968 526 1999 Luchinum
549 1968 797 2000 Vicecomitem
821 1968 893 1999 eius
916 1968 1068 2005 fratrem,
1094 1968 1137 1999 de
1162 1977 1230 2009 quo
1254 1967 1288 1998 in
1311 1976 1475 2008 processu
1499 1966 1658 2008 temporis
1687 1976 1755 1997 non
1778 1964 1867 1997 bene
1894 1965 1959 1996 fuit
1982 1970 2170 1997 contentus.
2196 1964 2238 1995 30

422 2021 554 2052 Eodem
577 2021 756 2053 millesimo
781 2021 825 2052 de
849 2030 965 2052 mense
989 2019 1199 2062 septembris,
1223 2019 1374 2051 octubris
1403 2026 1436 2051 et
1451 2018 1651 2051 novembris.
1702 2018 1844 2050 Flumen
1867 2017 1954 2049 Padi
1978 2017 2085 2049 crevit
2100 2016 2175 2048 ubi-

337 2084 413 2116 que,
437 2080 488 2105 set
510 2085 580 2106 non
602 2074 693 2116 rupit
716 2084 815 2116 arger
838 2075 874 2105 in
899 2074 1012 2116 aliquo
1037 2073 1125 2111 loco,
1149 2073 1213 2104 nisi
1238 2073 1326 2104 inter
1349 2072 1528 2104 Hostiliam
1552 2078 1586 2103 et
1608 2071 1785 2109 Melaram,
1810 2076 1843 2102 et
1865 2070 1912 2101 ibi
1934 2076 2067 2112 ruptam
2090 2069 2175 2101 fecit

335 2128 532 2158 maximam:
558 2134 766 2169 quapropter
789 2132 897 2159 tot-um
921 2127 1116 2158 comitatum
1140 2126 1291 2168 Figaroli
1315 2132 1348 2158 et
1379 2125 1520 2168 Rodigii
1543 2124 1730 2156 inundavit.

422 2180 555 2211 Eodem
578 2180 755 2211 millesimo
779 2186 812 2211 et
835 2180 870 2210 in
893 2179 958 2210 hiis
980 2178 1189 2220 temporibus
1212 2178 1393 2209 maximum
1416 2177 1616 2209 miraculum
1644 2177 1776 2219 aparuit
1799 2177 1834 2208 in
1856 2176 2072 2217 Lombardia,
2097 2175 2176 2218 quia

337 2233 440 2264 multe
464 2233 593 2265 locuste
617 2239 784 2264 venerunt
807 2239 841 2264 et
864 2233 1106 2274 adparuerunt,
1130 2241 1197 2274 que
1221 2231 1433 2263 devorabant
1455 2230 1576 2262 blados
1597 2236 1630 2262 et
1646 2230 1851 2271 campanias,
1877 2235 1910 2261 et
1932 2238 2055 2271 magne
2079 2233 2175 2260 erant
2198 2227 2238 2260 35

336 2285 421 2316 sicut
443 2285 712 2327 vespertiliones

1150 2364 1358 2397 MCCCXL.

425 2445 489 2477 Die
512 2455 565 2477 vn
589 2456 704 2478 mense
729 2446 902 2478 februarii.
949 2446 1101 2478 Maxima
1125 2445 1221 2476 curia
1250 2445 1344 2477 facta
1375 2450 1425 2475 est
1449 2444 1483 2474 in
1509 2443 1646 2475 civitate
1677 2443 1818 2475 Mantue
1850 2452 1912 2485 per
1943 2441 2100 2474 dominos
2131 2441 2174 2472 de

337 2497 513 2541 Goncaga,
537 2499 593 2542 qui
618 2498 867 2531 decoraverunt
891 2499 1014 2530 decem
1037 2498 1156 2530 militia
1179 2504 1244 2530 etc.

425 2550 557 2582 Eodem
587 2549 764 2581 millesimo
782 2550 825 2581 de
849 2559 964 2581 mense
988 2549 1072 2593 junii
1095 2554 1130 2580 et
1151 2548 1234 2593 julii.
1281 2547 1432 2580 Maxima
1454 2547 1559 2589 pestis
1582 2546 1766 2579 mortalitas
1789 2546 1854 2577 fuit
1877 2546 1911 2577 in
1935 2545 2070 2578 civitate
2093 2544 2173 2577 Flo·
2198 2545 2239 2575 40

425 2675 448 2699 7.
468 2669 511 2691 nel
528 2670 647 2698 rmrgz'rae
666 2669 695 2690 di
712 2669 821 2691 sinistra
840 2669 870 2690 di
887 2668 927 2691 A:
948 2668 990 2691 De
1016 2669 1104 2691 morte
1131 2667 1243 2691 domine
1262 2667 1398 2691 Beatricis
1423 2667 1459 2691 fil.
1485 2667 1588 2691 march.
1608 2666 1748 2698 Raynaldi
1767 2678 1778 2683 -
1796 2664 1841 2689 die
1860 2664 1919 2696 x11]
1943 2664 1987 2688 die
2005 2670 2037 2688 x1
2054 2664 2080 2687 B
2098 2664 2174 2688 Mun.

338 2723 370 2727 —
393 2717 432 2734 10.
452 2710 494 2733 nel
512 2711 630 2741 margine
649 2710 678 2732 di
698 2710 807 2732 sinistra
826 2709 856 2731 tt'i
873 2709 914 2732 A:
935 2709 1107 2733 Parabianus
1131 2722 1164 2726 —
1187 2709 1226 2734 18.
1247 2709 1348 2733 multos
1372 2708 1454 2740 alios]
1482 2709 1564 2732 multi
1589 2708 1637 2732 alii
1655 2709 1732 2732 Mun.
1752 2720 1763 2724 -
1781 2706 1995 2729 l'abbreviazione
2020 2706 2050 2728 di
2067 2706 2096 2729 et
2113 2706 2176 2736 dopo

336 2752 409 2776 alios
427 2752 555 2783 aggiunta
574 2751 635 2774 sull¹
644 2750 785 2774 interlinea
804 2751 837 2773 da
851 2758 926 2773 mano
939 2752 1034 2774 seriore
1049 2763 1080 2767 —
1095 2757 1138 2775 21.
1157 2750 1200 2773 nel
1213 2751 1332 2781 margine
1346 2751 1375 2773 di
1385 2751 1495 2774 sinistra
1508 2751 1537 2773 in
1549 2750 1572 2773 A
1581 2759 1589 2773 .·
1611 2751 1749 2773 Dominus
1763 2747 1909 2772 Bertoldus
1921 2747 2035 2772 astensis
2053 2746 2133 2770 duxit
2145 2747 2176 2770 in

338 2801 451 2818 uxorem
471 2794 496 2818 d.
517 2793 679 2818 Caterinam
698 2792 731 2817 de
751 2792 872 2817 Camino
888 2806 917 2809 —
939 2799 981 2824 24.
1001 2792 1044 2816 nel
1062 2793 1181 2823 margine
1201 2793 1231 2814 di
1242 2793 1350 2815 sinistra
1369 2793 1398 2816 in
1417 2792 1456 2815 A:
1477 2793 1554 2816 Mors
1573 2791 1684 2815 domini
1696 2791 1816 2824 Aegonis
1829 2790 2010 2814 Vicecomiti⁸
2029 2801 2061 2805 —
2075 2788 2117 2813 28.
2129 2788 2176 2812 ad-

299 2842 307 2846 ·
340 2834 428 2865 micti]
450 2835 577 2858 amit-tere
597 2833 674 2859 th.
695 2847 727 2851 —
747 2841 788 2866 34.
808 2834 913 2858 Eodem
933 2834 1082 2858 millesimo
1102 2836 1129 2858 et
1148 2835 1178 2858 in
1197 2842 1246 2858 om.
1265 2834 1344 2858 th.
1358 2847 1390 2851 —
1410 2840 1453 2865 40.
1473 2831 1643 2863 mortalitas]
1664 2832 1796 2856 mortalit.
1815 2832 1856 2859 A,·
1876 2830 2056 2855 mortalitatis
2081 2830 2159 2855 Mun.

428 2913 433 2928 ¹
454 2914 609 2945 ParabIago
629 2913 699 2938 sulla
716 2915 778 2938 riva
796 2914 889 2938 destra
914 2912 1069 2938 deu’Olona
1095 2920 1110 2936 a
1132 2918 1162 2943 17
1182 2913 1230 2936 kil.
1373 2914 1384 2930 3
1406 2913 1435 2937 16
1455 2914 1564 2944 agosto.
1584 2913 1626 2936 Fu
1644 2911 1752 2944 sepolto
1772 2911 1843 2935 nella
1869 2910 1962 2935 chiesa
1987 2911 2016 2935 di
2041 2917 2090 2934 san
2109 2909 2179 2934 Got-

339 2957 400 2982 S-E.
421 2957 456 2980 da
476 2956 623 2981 Gallarate.
1285 2953 1374 2979 tardo.
1393 2954 1524 2983 Gxunmr,
1543 2956 1583 2984 op.
1602 2955 1658 2981 cit„
1678 2953 1711 2982 V,
1733 2957 1792 2983 271.
2210 2955 2240 2972 ιο

425 2997 436 3013 ²³¹
456 2998 630 3029 Compagnia
650 2997 680 3022 di
697 2997 752 3022 San
772 2997 901 3030 Giorg10.
