2360 3603
134 218 218 252 [AA.
240 219 434 251 1336-1337]
763 209 1074 246 CHRONICON
1101 209 1331 246 ESTENSE
1899 206 1966 245 107

134 342 257 385 Jacobi
273 341 317 373 de
334 340 580 384 Cacanemicis,
604 340 661 383 qui
685 339 871 371 honorifice
897 339 982 371 fecit
1005 338 1035 370 ei
1059 344 1092 370 et
1115 339 1182 370 suis
1207 348 1323 370 omnes
1347 348 1522 380 expensas.
1566 336 1646 368 Alio
1663 337 1719 368 die
1735 337 1796 369 ivit
1812 335 1856 368 ad
1872 347 1973 378 pran-

137 395 229 427 dium
245 394 409 426 Sanctum
424 394 617 437 Johannem
641 392 863 425 Percexetam
880 391 906 429 ¹3
924 392 969 424 ad
985 391 1168 433 hospitium
1184 402 1266 423 vero
1284 391 1489 423 Nonantule.
1534 390 1599 422 Die
1622 390 1703 422 lune
1726 390 1897 432 sequentis
1920 390 1972 421 in-

134 448 235 479 travit
257 446 424 479 Mutinam
450 457 525 479 cum
550 445 706 478 omnibus
729 446 807 484 suis,
833 445 935 476 etiam
960 455 1037 476 cum
1061 444 1230 486 aliquibus
1253 444 1534 481 Bononiensibus,
1559 454 1636 475 cum
1659 442 1805 474 maximo
1833 443 1972 475 honore.

134 500 235 531 Tunc
259 499 414 530 dominus
436 497 641 530 Manfredus
664 498 707 529 de
730 497 802 529 Piis
826 497 919 528 venit
942 497 1076 529 obviam
1100 497 1132 528 ei
1156 507 1232 529 cum
1257 497 1324 528 suis
1341 496 1473 528 vexillis
1488 496 1687 534 honorifice,
1704 495 1763 538 qui
1779 504 1896 527 omnes
1912 495 1974 526 ad-

93 552 110 583 5
135 552 353 584 sociaverunt
375 551 503 583 dictum
527 551 698 583 dominum
722 549 913 592 Obiconem
936 560 1042 592 usque
1060 549 1208 588 domum,
1224 559 1341 581 omnes
1365 560 1431 580 una
1454 559 1540 581 voce
1566 548 1765 580 clamantes:
1798 548 1895 581 Vivat
1917 548 1976 579 do-

135 603 243 634 minus
265 607 384 634 noster.
432 601 545 639 Quem
569 606 772 643 receperunt
795 600 1020 637 Mut'menses,
1044 600 1215 642 eligerunt
1239 606 1272 631 et
1301 600 1544 632 constituerunt
1568 609 1645 631 eum
1669 599 1844 631 dominum
1868 607 1974 641 gene-

135 656 241 687 ralem
267 655 412 688 civitatis
435 655 567 687 Mutine
592 655 732 696 eiusque
756 653 937 685 districtus.
983 652 1190 684 Potestatem
1214 662 1294 684 vero
1324 653 1495 684 constituit
1518 651 1707 684 dominum'
1733 651 1936 684 Niccolaum
1952 661 1972 681 a

135 707 270 740 Tabula
294 708 402 740 civem
427 707 677 739 Ferrariensem
701 712 735 738 et
757 706 896 737 militem
920 705 1001 737 dicti
1025 705 1153 736 domini
1175 705 1396 737 Marchionis.

224 761 358 793 Eodem
381 761 559 793 millesimo
582 760 637 791 die
661 770 698 791 vr
723 759 846 791 mensis
869 758 1082 800 septembris.
1129 758 1215 790 Cum
1239 758 1367 790 domini
1390 759 1434 790 de
1458 759 1491 790 la
1514 759 1625 796 Scala,
1658 758 1789 791 scilicet
1816 757 1975 790 dominus

73 815 111 845 10
135 813 297 846 Albertus
325 820 358 846 et
389 814 544 846 dominus
566 813 734 845 Mastinus
756 813 881 844 fratres
911 818 945 844 et
977 811 1105 843 domini
1130 811 1275 843 civitatis
1299 811 1428 850 Padue,
1452 819 1658 844 conarentur
1685 812 1757 844 fieri
1781 812 1899 843 facere
1927 810 1977 842 sal

136 867 172 898 in
195 867 348 900 districtu
372 866 490 899 Padue
502 867 523 905 ²,
540 866 701 898 Venetici
723 864 969 907 prohibuerunt
993 865 1057 902 eis;
1076 874 1181 907 quare
1198 864 1347 896 maxima
1363 875 1486 907 guerra
1508 865 1648 907 incepta
1664 871 1713 897 est
1737 865 1824 897 inter
1840 874 1899 896 eos
1907 877 1915 902 ;
1941 870 1974 896 et

136 919 171 951 in
195 919 251 951 die
275 919 448 952 antedicto
471 918 618 962 predicti
642 918 770 950 domini
785 917 977 949 habuerunt
993 923 1140 949 castrum
1157 923 1191 949 et
1207 923 1329 948 terram
1346 918 1469 949 Mestri
1483 917 1494 933 ³
1517 929 1579 959 pro
1596 917 1811 949 tradimento.
1859 916 1976 954 Quare

137 972 230 1004 dicta
254 973 298 1004 de
322 983 424 1004 causa
445 972 542 1004 multi
566 983 609 1004 ex
631 970 862 1013 stipendiariis
886 970 1042 1002 comunis
1064 970 1287 1002 Venetiarmn
1319 970 1502 1002 existentes
1526 970 1559 1001 in
1592 970 1683 1003 dicto
1717 977 1827 1003 castro
1856 969 1979 1001 mortui

137 1026 285 1058 fuerunt.

76 1077 112 1109 15
224 1078 357 1111 Eodem
380 1078 556 1110 millesimo
581 1084 614 1110 et
637 1088 753 1109 mense
777 1076 989 1119 septembris,
1015 1077 1072 1109 die
1095 1086 1119 1108 v
1143 1077 1287 1109 veneris.
1334 1077 1442 1109 Natus
1467 1083 1517 1109 est
1539 1077 1742 1120 Raynaldus
1769 1077 1856 1108 filius
1886 1088 1974 1108 mar-

139 1131 270 1164 chionis
294 1131 452 1174 Nicolay.

224 1185 358 1216 Eodem
380 1184 556 1216 millesimo
575 1184 618 1216 de
634 1193 751 1215 mense
775 1182 935 1215 octubris.
960 1183 1127 1214 Dominus
1150 1183 1270 1214 Petrus
1286 1183 1430 1216 Rubeus
1446 1183 1490 1215 de
1507 1183 1640 1223 Parma,
1659 1183 1860 1225 capitaneus
1877 1183 1979 1215 totius

137 1237 307 1269 exercitus
331 1236 483 1269 comunis
506 1236 728 1274 Venetorum,
742 1236 889 1268 existens
912 1236 1006 1267 circa
1030 1235 1200 1268 civitatem
1223 1235 1366 1267 Trivixii
1382 1235 1417 1267 in
1441 1236 1641 1275 obsedione‚
1663 1236 1795 1268 scilicet
1811 1236 1846 1267 in
1869 1236 1977 1278 burgo

139 1289 293 1327 civitatis,
319 1289 475 1322 dominus
500 1289 684 1322 Ghibertus
707 1289 751 1320 de
775 1289 917 1332 Foyano
941 1288 1090 1320 existens
1113 1288 1150 1319 in
1176 1288 1312 1320 civitate
1336 1289 1510 1320 antedicta
1532 1289 1730 1330 capitaneus
1761 1299 1883 1331 guerre
1915 1298 1978 1330 pro

71 1342 112 1373 20
137 1342 285 1373 dominis
309 1342 352 1374 de
376 1342 410 1373 la
433 1342 544 1381 Scala,
569 1342 762 1374 ordinatum
786 1347 836 1374 est
860 1352 902 1373 ex
924 1347 1068 1384 utraque
1091 1347 1189 1383 parte
1213 1342 1387 1384 quoddam
1410 1341 1657 1383 parlamentum
1681 1341 1715 1373 in
1744 1340 1836 1373 dicto
1868 1342 1976 1385 burgo

137 1395 293 1434 Trivixii,
316 1395 375 1427 ubi
399 1395 582 1427 existentes
605 1394 705 1427 ambo
731 1395 775 1426 ad
798 1395 1056 1436 parlamentum,
1080 1394 1235 1426 dominus
1260 1394 1445 1426 Ghjbertus
1467 1395 1574 1426 voluit
1599 1395 1677 1437 capi
1709 1394 1883 1426 dominum
1911 1394 1977 1425 Pe-

138 1454 237 1486 trum,
261 1455 375 1480 tamen
399 1459 468 1481 non
491 1448 611 1490 potuit,
635 1454 686 1480 set
708 1448 797 1480 inter
820 1458 880 1480 eos
903 1448 1084 1479 maximum
1108 1448 1255 1490 prelium
1279 1448 1345 1480 fuit
1368 1448 1401 1479 in
1426 1458 1494 1490 quo
1512 1458 1554 1480 ex
1570 1454 1713 1491 utraque
1736 1454 1832 1490 parte
1857 1447 1980 1480 mortui

138 1507 214 1532 sunt
236 1501 332 1533 multi
355 1507 389 1533 et
413 1501 519 1543 capti3
543 1501 692 1533 tamdem
715 1501 752 1532 in
776 1501 841 1532 fine
865 1507 984 1543 gentes
1008 1500 1137 1532 domini
1159 1500 1300 1533 Mastini
1324 1500 1551 1534 obtinuerunt.

902 1620 1218 1655 MCCCXXXVH.

75 1705 115 1737 25
227 1706 280 1737 De
303 1715 419 1737 mense
442 1705 597 1749 januarii.
644 1705 730 1738 Cum
753 1706 898 1737 maxima
924 1716 1047 1749 guerra
1079 1711 1166 1738 esset
1196 1706 1283 1737 inter
1316 1715 1460 1738 comune
1485 1706 1657 1739 Florentie
1694 1711 1728 1737 et
1758 1706 1979 1739 Venetiamm

140 1768 182 1790 ex
204 1769 272 1790 una
294 1764 403 1800 parte,
428 1764 461 1790 et
484 1758 657 1790 dominum
681 1758 860 1790 Albertum
894 1765 926 1791 et
953 1757 1126 1791 dominum
1148 1759 1331 1790 Mastinum
1357 1759 1400 1791 de
1432 1759 1464 1790 la
1487 1759 1590 1791 Scala
1618 1769 1660 1791 ex
1683 1759 1800 1798 altera,
1824 1759 1979 1791 dominus

138 1811 289 1843 marchio
314 1812 426 1855 Obico
450 1812 600 1849 estensis,
625 1811 793 1855 benignus
816 1818 849 1844 et
872 1812 1035 1854 pacificus
1067 1812 1224 1844 dominus
1248 1819 1282 1844 et
1313 1813 1441 1845 amicus
1471 1813 1644 1855 utriusque
1672 1812 1788 1855 partis,
1812 1822 1982 1845 convoca-

138 1865 186 1897 vit
208 1865 331 1896 multos
355 1864 602 1897 ambasiatores
625 1864 846 1904 Lombardie,
870 1865 927 1907 qui
952 1875 1069 1897 omnes
1086 1866 1307 1897 adcesserunt
1327 1865 1528 1903 Ferrariam,
1554 1872 1587 1897 et
1613 1865 1747 1897 insimul
1770 1865 1982 1898 intraverunt

139 1917 320 1960 quamdam
344 1917 456 1949 navim
479 1928 638 1960 magnam
661 1927 739 1949 cum
763 1918 888 1950 solario
914 1918 1135 1960 cohopertam
1160 1919 1271 1950 multis
1294 1919 1415 1960 pannis
1432 1918 1549 1956 laneis,
1575 1924 1607 1950 et
1630 1918 1665 1949 in
1689 1918 1783 1950 dicta
1806 1918 1884 1950 navi
1908 1925 1980 1950 erat

75 1971 118 2001 30
142 1969 315 2013 quoddam
338 1970 497 2002 solarium
522 1981 598 2002 cum
622 1971 767 2007 camino,
791 1971 826 2001 in
843 1981 911 2013 quo
929 1971 1190 2003 commedebant
1206 1971 1328 2003 milites
1336 1983 1344 2008 3
1370 1972 1464 2003 iuxta
1488 1971 1615 2003 dictum
1631 1971 1791 2003 solarium
1809 1978 1881 2003 erat
1897 1982 1980 2014 que-

140 2023 220 2054 dam
245 2033 379 2054 camera
403 2029 521 2055 ornata
545 2023 657 2055 multis
680 2023 886 2056 ornamentis
909 2035 930 2055 a
953 2024 1055 2062 lecto,
1080 2030 1113 2056 et
1137 2024 1227 2056 lecto
1250 2024 1439 2066 pulcerimo
1466 2030 1499 2055 et
1523 2024 1668 2063 camino,
1692 2024 1726 2055 in
1750 2035 1817 2066 qua
1845 2034 1981 2056 camera

142 2076 402 2108 commedebant
426 2076 582 2108 dominus
606 2076 759 2108 marchio
784 2076 905 2120 Obico‚
930 2077 1102 2109 Iohannes
1126 2077 1170 2109 de
1193 2077 1342 2119 Pepulis,
1367 2077 1523 2109 dominus
1546 2077 1750 2109 Mansredus
1775 2078 1818 2109 de
1841 2077 1912 2109 Piis
1937 2077 1980 2110 de

142 2128 285 2167 Mutina,
309 2129 517 2171 Ianquilicus
540 2130 583 2161 de
607 2128 741 2168 Parma,
766 2136 800 2161 et
823 2129 878 2161 alii
901 2130 958 2172 qui
981 2129 1135 2162 habitare
1166 2136 1325 2172 poterant
1352 2130 1478 2161 dictam
1514 2139 1693 2162 cameram.
1739 2130 1837 2162 quta
1869 2140 1982 2162 came-

142 2192 213 2212 ram
237 2188 310 2213 erat
333 2181 470 2224 quidem
494 2182 610 2214 stallus
632 2192 694 2224 pro
719 2182 850 2214 valixiis
882 2189 916 2214 et
947 2182 1021 2214 aliis
1043 2182 1256 2220 necessariis,
1285 2192 1362 2214 cum
1386 2183 1533 2225 quadam
1563 2182 1705 2220 robalta,
1730 2183 1764 2214 in
1795 2194 1862 2225 qua
1884 2183 1982 2215 mite-

77 2233 118 2265 35
142 2234 225 2266 bant
248 2234 339 2275 ligna
362 2240 396 2266 et
419 2234 484 2266 alia
507 2235 676 2267 victualia.
722 2235 766 2267 Et
789 2235 937 2267 breviter
960 2235 994 2266 in
1019 2235 1112 2267 dicta
1128 2235 1205 2268 navi
1223 2241 1320 2267 erant
1338 2235 1450 2267 omnia
1473 2235 1621 2268 stabilita
1643 2245 1705 2277 per
1729 2236 1893 2275 ordinem,
1917 2248 1982 2278 que

143 2298 326 2330 numquam
349 2287 426 2319 vixa
448 2287 513 2319 fuit
535 2288 666 2320 similis:
691 2299 758 2331 que
782 2288 896 2320 omnia
918 2288 1004 2320 fecit
1027 2288 1100 2320 fieri
1122 2298 1176 2320 ser
1199 2288 1307 2320 Dinus
1331 2288 1537 2320 camerarius
1569 2288 1783 2320 dominorum
1805 2289 1981 2321 Marchio-

142 2351 224 2372 num
248 2340 440 2373 estensium.
486 2341 651 2373 Dominus
683 2342 796 2374 Guido
828 2342 872 2373 de
904 2342 1068 2384 Goncaga
1099 2342 1258 2373 dominus
1286 2341 1428 2374 Mantue
1461 2348 1532 2374 erat
1563 2342 1664 2374 dictis
1696 2342 1739 2374 de
1763 2343 1873 2374 causis
1904 2353 1981 2374 cum

143 2392 235 2425 dicto
259 2393 398 2426 domino
422 2394 635 2432 Marchione,
661 2394 719 2436 qui
742 2404 859 2426 omnes
882 2394 1023 2426 fuerunt
1045 2395 1089 2426 ad
1112 2395 1360 2436 parlamentum
1377 2405 1454 2426 cum
1471 2395 1612 2427 domino
1628 2395 1738 2433 Duce,
1763 2402 1797 2428 et
1820 2395 1897 2428 aliis
1921 2406 1984 2428 no-

144 2445 267 2477 bilibus
290 2446 523 2484 Venetiarum,
548 2447 582 2477 in
606 2456 672 2489 quo
697 2447 909 2488 pai-lamento
934 2447 1091 2479 dominus
1122 2446 1278 2479 Marchio
1311 2458 1379 2479 non
1410 2447 1521 2489 potuit
1551 2448 1699 2490 aliquam
1730 2448 1876 2480 tractare
1901 2459 1984 2480 con-

80 2500 121 2531 40
145 2499 315 2536 cordiam3
339 2510 454 2543 ymmo
478 2500 649 2539 volebant,
674 2500 847 2532 dominum
869 2499 1110 2532 Marchionem
1135 2500 1290 2533 obtinere
1306 2507 1438 2543 partem
1461 2501 1722 2539 Veneticorum‚
1748 2507 1782 2533 et
1806 2512 1879 2534 esse
1903 2512 1981 2533 cum

145 2549 211 2581 eis'
237 2556 355 2582 contra
377 2550 533 2583 dominos
557 2551 601 2583 de
632 2551 666 2582 la
688 2550 805 2588 Scala3
830 2550 889 2593 qui
912 2550 1071 2582 Marchio
1102 2551 1296 2593 respondit:
1321 2552 1408 2594 Ego
1432 2555 1582 2594 propter
1603 2553 1744 2583 servitia
1774 2556 1912 2595 recepta
1942 2553 1982 2583 ab

145 2602 192 2633 eis
214 2603 324 2644 aliquo
347 2603 442 2634 modo
464 2614 528 2634 non
542 2602 712 2646 facerem,
735 2607 785 2634 set
806 2604 933 2635 amicus
956 2603 1131 2646 utriusque
1144 2604 1259 2646 partis
1282 2614 1349 2636 ero.
1397 2604 1557 2637 Venetici
1580 2603 1700 2636 iterato
1732 2604 1903 2637 dicentes:
1927 2615 1985 2636 nos

238 2745 277 2770 15.
297 2740 445 2765 millesimo
465 2742 492 2765 et
511 2749 558 2765 om.
578 2742 656 2767 Mna.
677 2754 687 2759 -
708 2741 752 2765 nel
770 2742 889 2773 margine
908 2742 938 2765 dx'
954 2742 1064 2765 sinistra
1082 2743 1112 2765 in
1130 2742 1172 2765 A.-
1199 2741 1313 2774 [Nat]us
1332 2744 1374 2767 est
1393 2743 1420 2767 d.
1438 2741 1597 2775 Raynaldus
1617 2740 1715 2774 [fflius]
1736 2742 1839 2767 march.
1865 2742 1984 2774 Nicolay

148 2782 232 2806 esten.
254 2794 285 2799 —
309 2782 347 2806 18.
368 2782 552 2815 Venetorum]
572 2783 663 2807 Venet
683 2784 706 2807 Α
725 2797 758 2802 -
778 2789 820 2807 21.
840 2782 913 2815 capi]
935 2790 1034 2815 capere
1053 2783 1131 2809 Mmz.
1153 2796 1184 2802 —
1205 2790 1247 2816 29.
1266 2784 1384 2817 quadam
1404 2786 1471 2809 navi
1490 2791 1593 2816 magna
1610 2784 1634 2807 A
1655 2797 1666 2802 -
1684 2783 1837 2817 cohoperta
1856 2784 1880 2807 Α

233 2873 242 2890 ¹
261 2876 317 2900 San
337 2876 480 2901 Giovanni
499 2877 528 2900 in
547 2877 689 2901 Persiceto
708 2884 724 2901 a
745 2883 777 2901 20
796 2877 845 2901 kil.
864 2876 980 2901 N-N-O.
998 2877 1034 2901 da
1089 2877 1148 2902 lina
1167 2878 1235 2902 sulla
1255 2879 1316 2902 riva
1335 2877 1556 2907 dell’Adriatico‚
1575 2883 1671 2909 presso
1691 2877 1840 2909 Chioggia.
1871 2876 1915 2902 Cf.
1930 2876 1979 2902 C1-

146 2917 280 2950 Bologna.
1090 2926 1188 2950 POLLA,
1213 2920 1367 2951 Compendio
1387 2921 1412 2944 d.
1431 2923 1490 2943 stor.
1507 2919 1583 2950 polit.
1603 2919 1633 2942 Aa·
1656 2919 1767 2947 Verona,
1787 2927 1813 2952 p.
1834 2925 1846 2942 2
1852 2925 1894 2950 53.

105 2964 118 2989 5
234 2958 245 2975 ²
264 2960 304 2984 La
323 2962 468 2992 questione
487 2962 598 2985 verteva
615 2961 656 2985 sul
675 2961 774 2985 diritto
788 2961 817 2985 di
829 2968 910 2985 avere
924 2968 979 2986 una
993 2968 1035 2985 sa·
1180 2959 1190 2976 ³
1208 2962 1312 2986 Mestre
1332 2969 1347 2985 a
1370 2968 1402 2986 10
1420 2961 1467 2986 kil.
1486 2961 1562 2986 N-O.
1581 2960 1615 2984 da
1633 2961 1762 2985 Venezia.

2058 2567 2079 2582 c.
2093 2566 2140 2585 qur
