<?xml version="1.0" encoding="UTF-8"?>
<!DOCTYPE html PUBLIC "-//W3C//DTD XHTML 1.0 Transitional//EN"
    "http://www.w3.org/TR/xhtml1/DTD/xhtml1-transitional.dtd">
<html xmlns="http://www.w3.org/1999/xhtml" xml:lang="en" lang="en">
 <head>
  <title>
</title>
<meta http-equiv="Content-Type" content="text/html;charset=utf-8" />
  <meta name='ocr-system' content='tesseract 3.04.00' />
  <meta name='ocr-capabilities' content='ocr_page ocr_carea ocr_par ocr_line ocrx_word'/>
</head>
<body>
  <div class='ocr_page' id='page_1' title='image "./p3f2rerumitalica15murauoft_0021.png"; bbox 0 0 2360 3603; ppageno 0'>
   <div class='ocr_carea' id='block_1_1' title="bbox 133 213 1964 253">
    <p class='ocr_par' dir='ltr' id='par_1_1' title="bbox 133 213 1964 253">
     <span class='ocr_line' id='line_1_1' title="bbox 133 213 1964 253; baseline 0.001 -7"><span class='ocrx_word' id='word_1_1' title='bbox 133 218 184 253; x_wconf 90' lang='lat' dir='ltr'>[A.</span> <span class='ocrx_word' id='word_1_2' title='bbox 206 220 393 252; x_wconf 78' lang='lat'><strong>1333-13341</strong></span> <span class='ocrx_word' id='word_1_3' title='bbox 768 214 1077 249; x_wconf 92' lang='lat' dir='ltr'>CHRONICON</span> <span class='ocrx_word' id='word_1_4' title='bbox 1104 213 1271 249; x_wconf 90' lang='lat' dir='ltr'>ESTEN</span> <span class='ocrx_word' id='word_1_5' title='bbox 1273 213 1332 249; x_wconf 89' lang='lat' dir='ltr'>SE</span> <span class='ocrx_word' id='word_1_6' title='bbox 1894 213 1964 247; x_wconf 81' lang='lat'>103</span> 
     </span>
    </p>
   </div>
   <div class='ocr_carea' id='block_1_2' title="bbox 70 341 1969 1225">
    <p class='ocr_par' dir='ltr' id='par_1_2' title="bbox 70 341 1969 1225">
     <span class='ocr_line' id='line_1_2' title="bbox 219 341 1966 385; baseline 0.001 -11"><span class='ocrx_word' id='word_1_7' title='bbox 219 342 351 374; x_wconf 90' lang='lat' dir='ltr'>Eodem</span> <span class='ocrx_word' id='word_1_8' title='bbox 375 341 555 373; x_wconf 88' lang='lat' dir='ltr'>millesimo</span> <span class='ocrx_word' id='word_1_9' title='bbox 580 343 623 374; x_wconf 92' lang='lat' dir='ltr'>de</span> <span class='ocrx_word' id='word_1_10' title='bbox 646 352 760 373; x_wconf 88' lang='lat' dir='ltr'>mense</span> <span class='ocrx_word' id='word_1_11' title='bbox 785 341 987 374; x_wconf 83' lang='lat' dir='ltr'><strong>novembris.</strong></span> <span class='ocrx_word' id='word_1_12' title='bbox 1026 342 1190 373; x_wconf 89' lang='lat' dir='ltr'>Dominus</span> <span class='ocrx_word' id='word_1_13' title='bbox 1213 341 1365 373; x_wconf 90' lang='lat' dir='ltr'>marchio</span> <span class='ocrx_word' id='word_1_14' title='bbox 1390 341 1590 385; x_wconf 84' lang='lat' dir='ltr'>Raynaldus</span> <span class='ocrx_word' id='word_1_15' title='bbox 1615 342 1676 373; x_wconf 90' lang='lat' dir='ltr'>ivit</span> <span class='ocrx_word' id='word_1_16' title='bbox 1700 342 1896 385; x_wconf 77' lang='lat' dir='ltr'>Palacolum</span> <span class='ocrx_word' id='word_1_17' title='bbox 1922 343 1966 375; x_wconf 87' lang='lat' dir='ltr'>ad</span> 
     </span>
     <span class='ocr_line' id='line_1_3' title="bbox 133 394 886 437; baseline -0.001 -10"><span class='ocrx_word' id='word_1_18' title='bbox 133 394 348 437; x_wconf 89' lang='lat' dir='ltr'>conloquium</span> <span class='ocrx_word' id='word_1_19' title='bbox 373 404 449 425; x_wconf 93' lang='lat' dir='ltr'>cum</span> <span class='ocrx_word' id='word_1_20' title='bbox 473 394 618 426; x_wconf 90' lang='lat' dir='ltr'>dominis</span> <span class='ocrx_word' id='word_1_21' title='bbox 643 395 686 426; x_wconf 90' lang='lat' dir='ltr'>de</span> <span class='ocrx_word' id='word_1_22' title='bbox 711 394 784 426; x_wconf 90' lang='lat' dir='ltr'>eius</span> <span class='ocrx_word' id='word_1_23' title='bbox 807 395 886 436; x_wconf 87' lang='lat' dir='ltr'>liga.</span> 
     </span>
     <span class='ocr_line' id='line_1_4' title="bbox 219 447 1965 491; baseline 0 -12"><span class='ocrx_word' id='word_1_24' title='bbox 219 448 354 479; x_wconf 91' lang='lat' dir='ltr'>Eodem</span> <span class='ocrx_word' id='word_1_25' title='bbox 377 447 554 478; x_wconf 88' lang='lat' dir='ltr'>millesimo</span> <span class='ocrx_word' id='word_1_26' title='bbox 579 452 613 479; x_wconf 88' lang='lat' dir='ltr'>et</span> <span class='ocrx_word' id='word_1_27' title='bbox 636 447 699 478; x_wconf 88' lang='lat' dir='ltr'>hiis</span> <span class='ocrx_word' id='word_1_28' title='bbox 716 447 927 488; x_wconf 85' lang='lat' dir='ltr'>temporibus</span> <span class='ocrx_word' id='word_1_29' title='bbox 944 447 1106 479; x_wconf 89' lang='lat' dir='ltr'>inundata</span> <span class='ocrx_word' id='word_1_30' title='bbox 1123 452 1173 478; x_wconf 87' lang='lat' dir='ltr'>est</span> <span class='ocrx_word' id='word_1_31' title='bbox 1196 453 1266 479; x_wconf 86' lang='lat' dir='ltr'>tota</span> <span class='ocrx_word' id='word_1_32' title='bbox 1291 447 1408 478; x_wconf 89' lang='lat' dir='ltr'>civitas</span> <span class='ocrx_word' id='word_1_33' title='bbox 1431 447 1622 484; x_wconf 81' lang='lat' dir='ltr'>Florentie3</span> <span class='ocrx_word' id='word_1_34' title='bbox 1647 453 1856 491; x_wconf 89' lang='lat' dir='ltr'>quapropter</span> <span class='ocrx_word' id='word_1_35' title='bbox 1880 459 1965 489; x_wconf 86' lang='lat' dir='ltr'>pon-</span> 
     </span>
     <span class='ocr_line' id='line_1_5' title="bbox 133 497 1965 540; baseline 0.001 -11"><span class='ocrx_word' id='word_1_36' title='bbox 133 503 184 530; x_wconf 86' lang='lat' dir='ltr'>tes</span> <span class='ocrx_word' id='word_1_37' title='bbox 207 497 356 539; x_wconf 84' lang='lat' dir='ltr'>lapidum</span> <span class='ocrx_word' id='word_1_38' title='bbox 381 503 415 529; x_wconf 90' lang='lat' dir='ltr'>et</span> <span class='ocrx_word' id='word_1_39' title='bbox 438 497 630 539; x_wconf 86' lang='lat' dir='ltr'>lignaminis</span> <span class='ocrx_word' id='word_1_40' title='bbox 653 497 754 529; x_wconf 79' lang='lat' dir='ltr'>fracti</span> <span class='ocrx_word' id='word_1_41' title='bbox 778 504 855 529; x_wconf 89' lang='lat' dir='ltr'>sunt</span> <span class='ocrx_word' id='word_1_42' title='bbox 879 503 913 529; x_wconf 88' lang='lat' dir='ltr'>et</span> <span class='ocrx_word' id='word_1_43' title='bbox 936 498 1110 539; x_wconf 81' lang='lat' dir='ltr'>derupati3</span> <span class='ocrx_word' id='word_1_44' title='bbox 1136 504 1169 529; x_wconf 90' lang='lat' dir='ltr'>et</span> <span class='ocrx_word' id='word_1_45' title='bbox 1192 498 1364 540; x_wconf 68' lang='lat' dir='ltr'>subrogati</span> <span class='ocrx_word' id='word_1_46' title='bbox 1389 504 1465 529; x_wconf 91' lang='lat' dir='ltr'>sunt</span> <span class='ocrx_word' id='word_1_47' title='bbox 1488 498 1582 530; x_wconf 86' lang='lat' dir='ltr'>multi</span> <span class='ocrx_word' id='word_1_48' title='bbox 1606 498 1771 536; x_wconf 88' lang='lat' dir='ltr'>homines,</span> <span class='ocrx_word' id='word_1_49' title='bbox 1795 499 1965 537; x_wconf 90' lang='lat' dir='ltr'>mulieres,</span> 
     </span>
     <span class='ocr_line' id='line_1_6' title="bbox 91 549 354 592; baseline 0.004 -11"><span class='ocrx_word' id='word_1_50' title='bbox 91 549 108 581; x_wconf 87' lang='lat'>5</span> <span class='ocrx_word' id='word_1_51' title='bbox 132 550 264 592; x_wconf 89' lang='lat' dir='ltr'>parvuli</span> <span class='ocrx_word' id='word_1_52' title='bbox 289 555 354 582; x_wconf 88' lang='lat' dir='ltr'>etc.</span> 
     </span>
     <span class='ocr_line' id='line_1_7' title="bbox 218 602 1968 646; baseline 0.001 -12"><span class='ocrx_word' id='word_1_53' title='bbox 218 602 353 634; x_wconf 88' lang='lat' dir='ltr'>Eodem</span> <span class='ocrx_word' id='word_1_54' title='bbox 376 602 553 634; x_wconf 88' lang='lat' dir='ltr'>millesimo</span> <span class='ocrx_word' id='word_1_55' title='bbox 571 612 637 634; x_wconf 81' lang='lat' dir='ltr'>xm</span> <span class='ocrx_word' id='word_1_56' title='bbox 656 602 859 634; x_wconf 80' lang='lat' dir='ltr'>novembris.</span> <span class='ocrx_word' id='word_1_57' title='bbox 884 602 985 634; x_wconf 90' lang='lat' dir='ltr'>Cives</span> <span class='ocrx_word' id='word_1_58' title='bbox 1009 603 1156 645; x_wconf 87' lang='lat' dir='ltr'>Bryssye</span> <span class='ocrx_word' id='word_1_59' title='bbox 1181 603 1362 634; x_wconf 87' lang='lat' dir='ltr'>maximum</span> <span class='ocrx_word' id='word_1_60' title='bbox 1386 613 1554 634; x_wconf 89' lang='lat' dir='ltr'>rumorem</span> <span class='ocrx_word' id='word_1_61' title='bbox 1571 603 1730 635; x_wconf 82' lang='lat' dir='ltr'>fecerunt</span> <span class='ocrx_word' id='word_1_62' title='bbox 1748 614 1824 635; x_wconf 94' lang='lat' dir='ltr'>cum</span> <span class='ocrx_word' id='word_1_63' title='bbox 1841 604 1968 646; x_wconf 89' lang='lat' dir='ltr'>stipen-</span> 
     </span>
     <span class='ocr_line' id='line_1_8' title="bbox 133 654 1298 697; baseline 0 -10"><span class='ocrx_word' id='word_1_64' title='bbox 133 655 248 687; x_wconf 87' lang='lat' dir='ltr'>diariis</span> <span class='ocrx_word' id='word_1_65' title='bbox 272 655 417 687; x_wconf 87' lang='lat' dir='ltr'>civitatis</span> <span class='ocrx_word' id='word_1_66' title='bbox 424 667 433 692; x_wconf 81' lang='lat'><em>3</em></span> <span class='ocrx_word' id='word_1_67' title='bbox 458 664 563 697; x_wconf 87' lang='lat' dir='ltr'>quare</span> <span class='ocrx_word' id='word_1_68' title='bbox 587 665 629 686; x_wconf 86' lang='lat' dir='ltr'>ex</span> <span class='ocrx_word' id='word_1_69' title='bbox 652 660 796 696; x_wconf 88' lang='lat' dir='ltr'>utraque</span> <span class='ocrx_word' id='word_1_70' title='bbox 820 660 918 696; x_wconf 86' lang='lat' dir='ltr'>parte</span> <span class='ocrx_word' id='word_1_71' title='bbox 942 654 1038 686; x_wconf 89' lang='lat' dir='ltr'>multi</span> <span class='ocrx_word' id='word_1_72' title='bbox 1061 660 1139 686; x_wconf 87' lang='lat' dir='ltr'>sunt</span> <span class='ocrx_word' id='word_1_73' title='bbox 1163 656 1298 687; x_wconf 88' lang='lat' dir='ltr'>mortui.</span> 
     </span>
     <span class='ocr_line' id='line_1_9' title="bbox 218 707 1965 747; baseline 0.001 -8"><span class='ocrx_word' id='word_1_74' title='bbox 218 707 349 739; x_wconf 90' lang='lat' dir='ltr'>Eodem</span> <span class='ocrx_word' id='word_1_75' title='bbox 373 708 553 739; x_wconf 88' lang='lat' dir='ltr'>millesimo</span> <span class='ocrx_word' id='word_1_76' title='bbox 578 713 613 739; x_wconf 88' lang='lat' dir='ltr'>et</span> <span class='ocrx_word' id='word_1_77' title='bbox 635 718 761 739; x_wconf 86' lang='lat' dir='ltr'>mense.</span> <span class='ocrx_word' id='word_1_78' title='bbox 785 707 923 738; x_wconf 90' lang='lat' dir='ltr'>Domini</span> <span class='ocrx_word' id='word_1_79' title='bbox 947 707 1168 739; x_wconf 88' lang='lat' dir='ltr'>Marchiones</span> <span class='ocrx_word' id='word_1_80' title='bbox 1186 713 1337 739; x_wconf 87' lang='lat' dir='ltr'>estenses</span> <span class='ocrx_word' id='word_1_81' title='bbox 1354 708 1552 740; x_wconf 79' lang='lat' dir='ltr'>direxerunt</span> <span class='ocrx_word' id='word_1_82' title='bbox 1568 710 1752 741; x_wconf 81' lang='lat' dir='ltr'>maximum</span> <span class='ocrx_word' id='word_1_83' title='bbox 1768 710 1965 747; x_wconf 80' lang='lat' dir='ltr'>exercitum,</span> 
     </span>
     <span class='ocr_line' id='line_1_10' title="bbox 132 760 1968 804; baseline 0.001 -11"><span class='ocrx_word' id='word_1_84' title='bbox 132 761 303 802; x_wconf 88' lang='lat' dir='ltr'>populum,</span> <span class='ocrx_word' id='word_1_85' title='bbox 329 767 363 792; x_wconf 88' lang='lat' dir='ltr'>et</span> <span class='ocrx_word' id='word_1_86' title='bbox 386 760 546 792; x_wconf 89' lang='lat' dir='ltr'>navilium</span> <span class='ocrx_word' id='word_1_87' title='bbox 569 761 723 792; x_wconf 88' lang='lat' dir='ltr'>Ferrarie</span> <span class='ocrx_word' id='word_1_88' title='bbox 749 760 881 792; x_wconf 89' lang='lat' dir='ltr'>civitati</span> <span class='ocrx_word' id='word_1_89' title='bbox 912 760 1066 803; x_wconf 89' lang='lat' dir='ltr'>Argente</span> <span class='ocrx_word' id='word_1_90' title='bbox 1090 770 1167 792; x_wconf 89' lang='lat' dir='ltr'>cum</span> <span class='ocrx_word' id='word_1_91' title='bbox 1191 770 1316 803; x_wconf 89' lang='lat' dir='ltr'>magno</span> <span class='ocrx_word' id='word_1_92' title='bbox 1341 768 1507 803; x_wconf 89' lang='lat' dir='ltr'>apparatu</span> <span class='ocrx_word' id='word_1_93' title='bbox 1530 762 1724 804; x_wconf 88' lang='lat' dir='ltr'>lignaminis</span> <span class='ocrx_word' id='word_1_94' title='bbox 1749 772 1852 794; x_wconf 86' lang='lat' dir='ltr'>causa</span> <span class='ocrx_word' id='word_1_95' title='bbox 1874 763 1968 794; x_wconf 77' lang='lat' dir='ltr'>fran-</span> 
     </span>
     <span class='ocr_line' id='line_1_11' title="bbox 71 813 1967 857; baseline 0 -12"><span class='ocrx_word' id='word_1_96' title='bbox 71 815 109 845; x_wconf 90' lang='lat'>10</span> <span class='ocrx_word' id='word_1_97' title='bbox 132 814 235 856; x_wconf 91' lang='lat' dir='ltr'>gendi</span> <span class='ocrx_word' id='word_1_98' title='bbox 266 819 405 855; x_wconf 88' lang='lat' dir='ltr'>pontem</span> <span class='ocrx_word' id='word_1_99' title='bbox 437 813 530 845; x_wconf 89' lang='lat' dir='ltr'>dicte</span> <span class='ocrx_word' id='word_1_100' title='bbox 563 813 727 845; x_wconf 84' lang='lat' dir='ltr'>civitatis:</span> <span class='ocrx_word' id='word_1_101' title='bbox 760 813 851 855; x_wconf 88' lang='lat' dir='ltr'>quod</span> <span class='ocrx_word' id='word_1_102' title='bbox 882 823 950 844; x_wconf 90' lang='lat' dir='ltr'>non</span> <span class='ocrx_word' id='word_1_103' title='bbox 982 813 1098 844; x_wconf 81' lang='lat' dir='ltr'>valens</span> <span class='ocrx_word' id='word_1_104' title='bbox 1121 813 1238 844; x_wconf 77' lang='lat' dir='ltr'>facere</span> <span class='ocrx_word' id='word_1_105' title='bbox 1262 813 1417 845; x_wconf 89' lang='lat' dir='ltr'>dominus</span> <span class='ocrx_word' id='word_1_106' title='bbox 1445 814 1646 857; x_wconf 84' lang='lat' dir='ltr'>Raynaldus</span> <span class='ocrx_word' id='word_1_107' title='bbox 1676 815 1830 846; x_wconf 89' lang='lat' dir='ltr'>marchio</span> <span class='ocrx_word' id='word_1_108' title='bbox 1861 815 1967 847; x_wconf 91' lang='lat' dir='ltr'>incidi</span> 
     </span>
     <span class='ocr_line' id='line_1_12' title="bbox 131 865 1968 908; baseline 0 -11"><span class='ocrx_word' id='word_1_109' title='bbox 131 866 216 898; x_wconf 78' lang='lat' dir='ltr'>fecit</span> <span class='ocrx_word' id='word_1_110' title='bbox 238 867 360 897; x_wconf 89' lang='lat' dir='ltr'>multos</span> <span class='ocrx_word' id='word_1_111' title='bbox 384 865 503 896; x_wconf 87' lang='lat' dir='ltr'>salices</span> <span class='ocrx_word' id='word_1_112' title='bbox 527 876 590 907; x_wconf 91' lang='lat' dir='ltr'>per</span> <span class='ocrx_word' id='word_1_113' title='bbox 613 871 719 897; x_wconf 86' lang='lat' dir='ltr'>totam</span> <span class='ocrx_word' id='word_1_114' title='bbox 742 866 848 897; x_wconf 88' lang='lat' dir='ltr'>rivam</span> <span class='ocrx_word' id='word_1_115' title='bbox 873 865 969 904; x_wconf 88' lang='lat' dir='ltr'>Padi,</span> <span class='ocrx_word' id='word_1_116' title='bbox 986 872 1020 897; x_wconf 90' lang='lat' dir='ltr'>et</span> <span class='ocrx_word' id='word_1_117' title='bbox 1034 865 1144 907; x_wconf 87' lang='lat' dir='ltr'>proici</span> <span class='ocrx_word' id='word_1_118' title='bbox 1167 866 1203 896; x_wconf 90' lang='lat' dir='ltr'>in</span> <span class='ocrx_word' id='word_1_119' title='bbox 1226 865 1340 903; x_wconf 84' lang='lat' dir='ltr'>Pad0;</span> <span class='ocrx_word' id='word_1_120' title='bbox 1366 872 1398 898; x_wconf 91' lang='lat' dir='ltr'>et</span> <span class='ocrx_word' id='word_1_121' title='bbox 1413 866 1652 908; x_wconf 84' lang='lat' dir='ltr'>pervenientes</span> <span class='ocrx_word' id='word_1_122' title='bbox 1669 867 1704 898; x_wconf 92' lang='lat' dir='ltr'>in</span> <span class='ocrx_word' id='word_1_123' title='bbox 1722 867 1866 899; x_wconf 70' lang='lat' dir='ltr'>maxima</span> <span class='ocrx_word' id='word_1_124' title='bbox 1882 868 1968 899; x_wconf 87' lang='lat' dir='ltr'>mul-</span> 
     </span>
     <span class='ocr_line' id='line_1_13' title="bbox 130 918 1968 961; baseline 0.001 -11"><span class='ocrx_word' id='word_1_125' title='bbox 130 919 276 950; x_wconf 85' lang='lat' dir='ltr'>titudine</span> <span class='ocrx_word' id='word_1_126' title='bbox 299 919 344 950; x_wconf 84' lang='lat' dir='ltr'>ad</span> <span class='ocrx_word' id='word_1_127' title='bbox 369 919 498 950; x_wconf 86' lang='lat' dir='ltr'>dictum</span> <span class='ocrx_word' id='word_1_128' title='bbox 522 924 660 960; x_wconf 91' lang='lat' dir='ltr'>pontem</span> <span class='ocrx_word' id='word_1_129' title='bbox 677 929 739 960; x_wconf 92' lang='lat' dir='ltr'>per</span> <span class='ocrx_word' id='word_1_130' title='bbox 755 918 822 949; x_wconf 87' lang='lat' dir='ltr'>vim</span> <span class='ocrx_word' id='word_1_131' title='bbox 840 918 970 950; x_wconf 78' lang='lat' dir='ltr'>fractus</span> <span class='ocrx_word' id='word_1_132' title='bbox 986 924 1046 950; x_wconf 90' lang='lat' dir='ltr'>est.</span> <span class='ocrx_word' id='word_1_133' title='bbox 1094 918 1261 950; x_wconf 87' lang='lat' dir='ltr'>Custodes</span> <span class='ocrx_word' id='word_1_134' title='bbox 1277 919 1401 960; x_wconf 90' lang='lat' dir='ltr'>pontis,</span> <span class='ocrx_word' id='word_1_135' title='bbox 1418 925 1601 961; x_wconf 81' lang='lat' dir='ltr'>antequam</span> <span class='ocrx_word' id='word_1_136' title='bbox 1618 920 1744 951; x_wconf 91' lang='lat' dir='ltr'>vellent</span> <span class='ocrx_word' id='word_1_137' title='bbox 1759 921 1858 952; x_wconf 89' lang='lat' dir='ltr'>reddi</span> <span class='ocrx_word' id='word_1_138' title='bbox 1882 931 1968 961; x_wconf 90' lang='lat' dir='ltr'>pon-</span> 
     </span>
     <span class='ocr_line' id='line_1_14' title="bbox 130 970 1966 1015; baseline 0.001 -12"><span class='ocrx_word' id='word_1_139' title='bbox 130 977 207 1009; x_wconf 85' lang='lat' dir='ltr'>tem,</span> <span class='ocrx_word' id='word_1_140' title='bbox 239 971 410 1003; x_wconf 81' lang='lat' dir='ltr'>subfocati</span> <span class='ocrx_word' id='word_1_141' title='bbox 442 977 534 1008; x_wconf 81' lang='lat' dir='ltr'>sunt3</span> <span class='ocrx_word' id='word_1_142' title='bbox 567 977 601 1002; x_wconf 90' lang='lat' dir='ltr'>et</span> <span class='ocrx_word' id='word_1_143' title='bbox 631 971 683 1002; x_wconf 90' lang='lat' dir='ltr'>sic</span> <span class='ocrx_word' id='word_1_144' title='bbox 715 970 954 1003; x_wconf 87' lang='lat' dir='ltr'>Ferrarienses</span> <span class='ocrx_word' id='word_1_145' title='bbox 984 971 1177 1003; x_wconf 84' lang='lat' dir='ltr'>habuerunt</span> <span class='ocrx_word' id='word_1_146' title='bbox 1207 971 1404 1003; x_wconf 89' lang='lat' dir='ltr'>molendina</span> <span class='ocrx_word' id='word_1_147' title='bbox 1434 977 1467 1003; x_wconf 90' lang='lat' dir='ltr'>et</span> <span class='ocrx_word' id='word_1_148' title='bbox 1491 972 1566 1009; x_wconf 87' lang='lat' dir='ltr'>alia,</span> <span class='ocrx_word' id='word_1_149' title='bbox 1592 983 1657 1015; x_wconf 90' lang='lat' dir='ltr'>que</span> <span class='ocrx_word' id='word_1_150' title='bbox 1682 979 1778 1005; x_wconf 88' lang='lat' dir='ltr'>erant</span> <span class='ocrx_word' id='word_1_151' title='bbox 1802 974 1835 1004; x_wconf 91' lang='lat' dir='ltr'>in</span> <span class='ocrx_word' id='word_1_152' title='bbox 1859 974 1966 1005; x_wconf 81' lang='lat' dir='ltr'>Pado.</span> 
     </span>
     <span class='ocr_line' id='line_1_15' title="bbox 130 1024 1967 1067; baseline 0.002 -12"><span class='ocrx_word' id='word_1_153' title='bbox 130 1024 230 1056; x_wconf 90' lang='lat' dir='ltr'>Tunc</span> <span class='ocrx_word' id='word_1_154' title='bbox 243 1024 429 1056; x_wconf 90' lang='lat' dir='ltr'>Niccolaus</span> <span class='ocrx_word' id='word_1_155' title='bbox 446 1025 490 1056; x_wconf 88' lang='lat' dir='ltr'>de</span> <span class='ocrx_word' id='word_1_156' title='bbox 504 1024 710 1063; x_wconf 89' lang='lat' dir='ltr'>Macaruffis,</span> <span class='ocrx_word' id='word_1_157' title='bbox 728 1024 928 1066; x_wconf 86' lang='lat' dir='ltr'>capitaneus</span> <span class='ocrx_word' id='word_1_158' title='bbox 943 1024 1098 1067; x_wconf 88' lang='lat' dir='ltr'>gentium</span> <span class='ocrx_word' id='word_1_159' title='bbox 1111 1024 1325 1056; x_wconf 91' lang='lat' dir='ltr'>dominorum</span> <span class='ocrx_word' id='word_1_160' title='bbox 1342 1024 1589 1063; x_wconf 87' lang='lat' dir='ltr'>Marchionum,</span> <span class='ocrx_word' id='word_1_161' title='bbox 1608 1026 1703 1057; x_wconf 80' lang='lat' dir='ltr'>mixit</span> <span class='ocrx_word' id='word_1_162' title='bbox 1721 1027 1906 1058; x_wconf 80' lang='lat' dir='ltr'>exercitum</span> <span class='ocrx_word' id='word_1_163' title='bbox 1923 1028 1967 1058; x_wconf 92' lang='lat' dir='ltr'>ad</span> 
     </span>
     <span class='ocr_line' id='line_1_16' title="bbox 70 1075 1969 1121; baseline 0.002 -13"><span class='ocrx_word' id='word_1_164' title='bbox 70 1075 106 1108; x_wconf 91' lang='lat'>15</span> <span class='ocrx_word' id='word_1_165' title='bbox 131 1083 245 1118; x_wconf 88' lang='lat' dir='ltr'>partes</span> <span class='ocrx_word' id='word_1_166' title='bbox 267 1077 448 1108; x_wconf 80' lang='lat' dir='ltr'>inferiores</span> <span class='ocrx_word' id='word_1_167' title='bbox 470 1075 636 1119; x_wconf 88' lang='lat' dir='ltr'>Argente‚</span> <span class='ocrx_word' id='word_1_168' title='bbox 660 1083 694 1109; x_wconf 91' lang='lat' dir='ltr'>et</span> <span class='ocrx_word' id='word_1_169' title='bbox 718 1076 760 1108; x_wconf 91' lang='lat' dir='ltr'>ab</span> <span class='ocrx_word' id='word_1_170' title='bbox 786 1077 851 1108; x_wconf 84' lang='lat' dir='ltr'>alio</span> <span class='ocrx_word' id='word_1_171' title='bbox 875 1077 981 1108; x_wconf 88' lang='lat' dir='ltr'>latere</span> <span class='ocrx_word' id='word_1_172' title='bbox 1005 1077 1105 1120; x_wconf 86' lang='lat' dir='ltr'>dirigi</span> <span class='ocrx_word' id='word_1_173' title='bbox 1128 1077 1288 1109; x_wconf 75' lang='lat' dir='ltr'>fecerunt</span> <span class='ocrx_word' id='word_1_174' title='bbox 1311 1078 1493 1119; x_wconf 83' lang='lat' dir='ltr'>quamdam</span> <span class='ocrx_word' id='word_1_175' title='bbox 1518 1078 1685 1116; x_wconf 74' lang='lat' dir='ltr'>bastitana,</span> <span class='ocrx_word' id='word_1_176' title='bbox 1702 1089 1782 1121; x_wconf 87' lang='lat' dir='ltr'>sepe</span> <span class='ocrx_word' id='word_1_177' title='bbox 1807 1080 1969 1121; x_wconf 88' lang='lat' dir='ltr'>impetum</span> 
     </span>
     <span class='ocr_line' id='line_1_17' title="bbox 131 1129 1968 1167; baseline 0.002 -7"><span class='ocrx_word' id='word_1_178' title='bbox 131 1130 296 1161; x_wconf 80' lang='lat' dir='ltr'>facientes</span> <span class='ocrx_word' id='word_1_179' title='bbox 320 1135 437 1162; x_wconf 89' lang='lat' dir='ltr'>contra</span> <span class='ocrx_word' id='word_1_180' title='bbox 460 1130 614 1161; x_wconf 90' lang='lat' dir='ltr'>homines</span> <span class='ocrx_word' id='word_1_181' title='bbox 637 1129 780 1161; x_wconf 88' lang='lat' dir='ltr'>civitatis</span> <span class='ocrx_word' id='word_1_182' title='bbox 808 1136 842 1161; x_wconf 91' lang='lat' dir='ltr'>et</span> <span class='ocrx_word' id='word_1_183' title='bbox 873 1130 1090 1167; x_wconf 52' lang='lat' dir='ltr'>defensorem</span> <span class='ocrx_word' id='word_1_184' title='bbox 1115 1135 1149 1162; x_wconf 88' lang='lat' dir='ltr'>et</span> <span class='ocrx_word' id='word_1_185' title='bbox 1172 1130 1325 1161; x_wconf 88' lang='lat' dir='ltr'>similiter</span> <span class='ocrx_word' id='word_1_186' title='bbox 1349 1141 1426 1162; x_wconf 89' lang='lat' dir='ltr'>cum</span> <span class='ocrx_word' id='word_1_187' title='bbox 1449 1131 1575 1162; x_wconf 85' lang='lat' dir='ltr'>navilio</span> <span class='ocrx_word' id='word_1_188' title='bbox 1605 1132 1817 1163; x_wconf 89' lang='lat' dir='ltr'>decurebant</span> <span class='ocrx_word' id='word_1_189' title='bbox 1841 1132 1968 1164; x_wconf 88' lang='lat' dir='ltr'>cotidie</span> 
     </span>
     <span class='ocr_line' id='line_1_18' title="bbox 131 1181 1486 1225; baseline 0 -11"><span class='ocrx_word' id='word_1_190' title='bbox 131 1193 192 1224; x_wconf 89' lang='lat' dir='ltr'>per</span> <span class='ocrx_word' id='word_1_191' title='bbox 214 1182 357 1220; x_wconf 89' lang='lat' dir='ltr'>Padum,</span> <span class='ocrx_word' id='word_1_192' title='bbox 383 1188 416 1213; x_wconf 90' lang='lat' dir='ltr'>et</span> <span class='ocrx_word' id='word_1_193' title='bbox 438 1181 485 1213; x_wconf 90' lang='lat' dir='ltr'>ibi</span> <span class='ocrx_word' id='word_1_194' title='bbox 507 1181 543 1212; x_wconf 91' lang='lat' dir='ltr'>in</span> <span class='ocrx_word' id='word_1_195' title='bbox 567 1181 719 1214; x_wconf 83' lang='lat' dir='ltr'>exercitu</span> <span class='ocrx_word' id='word_1_196' title='bbox 742 1188 1003 1223; x_wconf 88' lang='lat' dir='ltr'>permanserunt</span> <span class='ocrx_word' id='word_1_197' title='bbox 1025 1192 1131 1223; x_wconf 86' lang='lat' dir='ltr'>usque</span> <span class='ocrx_word' id='word_1_198' title='bbox 1155 1192 1306 1214; x_wconf 87' lang='lat' dir='ltr'>mensem</span> <span class='ocrx_word' id='word_1_199' title='bbox 1328 1183 1486 1225; x_wconf 85' lang='lat' dir='ltr'>januarii.</span> 
     </span>
    </p>
   </div>
   <div class='ocr_carea' id='block_1_3' title="bbox 891 1304 1210 1347">
    <p class='ocr_par' dir='ltr' id='par_1_3' title="bbox 891 1304 1210 1347">
     <span class='ocr_line' id='line_1_19' title="bbox 891 1304 1210 1347; baseline 0.003 -12"><span class='ocrx_word' id='word_1_200' title='bbox 891 1304 1210 1347; x_wconf 89' lang='lat' dir='ltr'>MCCCXXXIIIJ.</span> 
     </span>
    </p>
   </div>
   <div class='ocr_carea' id='block_1_4' title="bbox 68 1400 2129 2713">
    <p class='ocr_par' dir='ltr' id='par_1_4' title="bbox 68 1400 2129 2713">
     <span class='ocr_line' id='line_1_20' title="bbox 217 1400 2129 1446; baseline 0.001 -13"><span class='ocrx_word' id='word_1_201' title='bbox 217 1402 269 1433; x_wconf 91' lang='lat' dir='ltr'>De</span> <span class='ocrx_word' id='word_1_202' title='bbox 293 1412 409 1433; x_wconf 89' lang='lat' dir='ltr'>mense</span> <span class='ocrx_word' id='word_1_203' title='bbox 431 1400 593 1443; x_wconf 84' lang='lat' dir='ltr'>januarii&#39;</span> <span class='ocrx_word' id='word_1_204' title='bbox 617 1402 651 1432; x_wconf 89' lang='lat' dir='ltr'>in</span> <span class='ocrx_word' id='word_1_205' title='bbox 675 1401 791 1444; x_wconf 87' lang='lat' dir='ltr'>vigilia</span> <span class='ocrx_word' id='word_1_206' title='bbox 814 1408 930 1433; x_wconf 85' lang='lat' dir='ltr'>sancte</span> <span class='ocrx_word' id='word_1_207' title='bbox 954 1401 1108 1444; x_wconf 83' lang='lat' dir='ltr'>Agnetis.</span> <span class='ocrx_word' id='word_1_208' title='bbox 1154 1402 1241 1434; x_wconf 89' lang='lat' dir='ltr'>Cum</span> <span class='ocrx_word' id='word_1_209' title='bbox 1265 1402 1449 1435; x_wconf 88' lang='lat' dir='ltr'>Niccolaus</span> <span class='ocrx_word' id='word_1_210' title='bbox 1477 1404 1521 1435; x_wconf 90' lang='lat' dir='ltr'>de</span> <span class='ocrx_word' id='word_1_211' title='bbox 1546 1402 1748 1441; x_wconf 87' lang='lat' dir='ltr'>Macaruffis,</span> <span class='ocrx_word' id='word_1_212' title='bbox 1774 1405 1973 1446; x_wconf 88' lang='lat' dir='ltr'>capitaneus</span> <span class='ocrx_word' id='word_1_213' title='bbox 2049 1422 2068 1436; x_wconf 77' lang='lat' dir='ltr'>c.</span> <span class='ocrx_word' id='word_1_214' title='bbox 2084 1418 2129 1440; x_wconf 62' lang='lat'>3³77</span> 
     </span>
     <span class='ocr_line' id='line_1_21' title="bbox 131 1454 1972 1499; baseline 0.002 -13"><span class='ocrx_word' id='word_1_215' title='bbox 131 1454 300 1487; x_wconf 84' lang='lat' dir='ltr'>exercitus</span> <span class='ocrx_word' id='word_1_216' title='bbox 323 1454 539 1486; x_wconf 87' lang='lat' dir='ltr'>dominorum</span> <span class='ocrx_word' id='word_1_217' title='bbox 562 1454 815 1493; x_wconf 88' lang='lat' dir='ltr'>Marchionum‚</span> <span class='ocrx_word' id='word_1_218' title='bbox 841 1454 1001 1485; x_wconf 82' lang='lat' dir='ltr'>existeret</span> <span class='ocrx_word' id='word_1_219' title='bbox 1026 1464 1102 1486; x_wconf 89' lang='lat' dir='ltr'>cum</span> <span class='ocrx_word' id='word_1_220' title='bbox 1127 1454 1279 1486; x_wconf 84' lang='lat' dir='ltr'>exercitu</span> <span class='ocrx_word' id='word_1_221' title='bbox 1303 1455 1395 1487; x_wconf 87' lang='lat' dir='ltr'>circa</span> <span class='ocrx_word' id='word_1_222' title='bbox 1424 1461 1547 1487; x_wconf 87' lang='lat' dir='ltr'>terram</span> <span class='ocrx_word' id='word_1_223' title='bbox 1578 1456 1740 1499; x_wconf 86' lang='lat' dir='ltr'>Argente,</span> <span class='ocrx_word' id='word_1_224' title='bbox 1764 1458 1905 1490; x_wconf 90' lang='lat' dir='ltr'>audiens</span> <span class='ocrx_word' id='word_1_225' title='bbox 1928 1459 1972 1490; x_wconf 90' lang='lat' dir='ltr'>de</span> 
     </span>
     <span class='ocr_line' id='line_1_22' title="bbox 68 1506 1975 1550; baseline 0.002 -12"><span class='ocrx_word' id='word_1_226' title='bbox 68 1508 109 1538; x_wconf 88' lang='lat'>20</span> <span class='ocrx_word' id='word_1_227' title='bbox 132 1507 282 1538; x_wconf 86' lang='lat' dir='ltr'>adventu</span> <span class='ocrx_word' id='word_1_228' title='bbox 304 1507 456 1549; x_wconf 86' lang='lat' dir='ltr'>gentium</span> <span class='ocrx_word' id='word_1_229' title='bbox 480 1506 602 1549; x_wconf 87' lang='lat' dir='ltr'>Legati</span> <span class='ocrx_word' id='word_1_230' title='bbox 626 1507 669 1537; x_wconf 89' lang='lat' dir='ltr'>de</span> <span class='ocrx_word' id='word_1_231' title='bbox 692 1506 846 1538; x_wconf 89' lang='lat' dir='ltr'>Bononia</span> <span class='ocrx_word' id='word_1_232' title='bbox 869 1512 988 1538; x_wconf 90' lang='lat' dir='ltr'>contra</span> <span class='ocrx_word' id='word_1_233' title='bbox 1010 1517 1078 1544; x_wconf 89' lang='lat' dir='ltr'>eos,</span> <span class='ocrx_word' id='word_1_234' title='bbox 1103 1506 1223 1545; x_wconf 86' lang='lat' dir='ltr'>timuit,</span> <span class='ocrx_word' id='word_1_235' title='bbox 1249 1513 1292 1545; x_wconf 92' lang='lat' dir='ltr'>et,</span> <span class='ocrx_word' id='word_1_236' title='bbox 1316 1507 1511 1550; x_wconf 88' lang='lat' dir='ltr'>relinquens</span> <span class='ocrx_word' id='word_1_237' title='bbox 1528 1519 1685 1550; x_wconf 84' lang='lat' dir='ltr'>campum</span> <span class='ocrx_word' id='word_1_238' title='bbox 1708 1509 1874 1548; x_wconf 79' lang='lat' dir='ltr'>fulcitum,</span> <span class='ocrx_word' id='word_1_239' title='bbox 1897 1521 1975 1543; x_wconf 91' lang='lat' dir='ltr'>cum</span> 
     </span>
     <span class='ocr_line' id='line_1_23' title="bbox 133 1558 1971 1604; baseline 0.003 -14"><span class='ocrx_word' id='word_1_240' title='bbox 133 1559 287 1591; x_wconf 90' lang='lat' dir='ltr'>omnibus</span> <span class='ocrx_word' id='word_1_241' title='bbox 311 1559 378 1590; x_wconf 87' lang='lat' dir='ltr'>suis</span> <span class='ocrx_word' id='word_1_242' title='bbox 401 1559 519 1601; x_wconf 76' lang='lat' dir='ltr'>fugam</span> <span class='ocrx_word' id='word_1_243' title='bbox 543 1559 739 1600; x_wconf 89' lang='lat' dir='ltr'>aripuerunt</span> <span class='ocrx_word' id='word_1_244' title='bbox 763 1559 807 1591; x_wconf 84' lang='lat' dir='ltr'>ad</span> <span class='ocrx_word' id='word_1_245' title='bbox 823 1565 948 1591; x_wconf 88' lang='lat' dir='ltr'>terram</span> <span class='ocrx_word' id='word_1_246' title='bbox 973 1558 1197 1591; x_wconf 89' lang='lat' dir='ltr'>Consandali:</span> <span class='ocrx_word' id='word_1_247' title='bbox 1223 1560 1317 1602; x_wconf 93' lang='lat' dir='ltr'>quod</span> <span class='ocrx_word' id='word_1_248' title='bbox 1333 1560 1488 1592; x_wconf 88' lang='lat' dir='ltr'>videntes</span> <span class='ocrx_word' id='word_1_249' title='bbox 1504 1567 1624 1603; x_wconf 81' lang='lat' dir='ltr'>gentes</span> <span class='ocrx_word' id='word_1_250' title='bbox 1640 1561 1804 1604; x_wconf 85' lang='lat' dir='ltr'>Argente‚</span> <span class='ocrx_word' id='word_1_251' title='bbox 1823 1569 1856 1594; x_wconf 90' lang='lat' dir='ltr'>et</span> <span class='ocrx_word' id='word_1_252' title='bbox 1876 1569 1971 1595; x_wconf 82' lang='lat' dir='ltr'>extra</span> 
     </span>
     <span class='ocr_line' id='line_1_24' title="bbox 134 1611 1970 1655; baseline 0.002 -11"><span class='ocrx_word' id='word_1_253' title='bbox 134 1612 308 1644; x_wconf 88' lang='lat' dir='ltr'>civitatem</span> <span class='ocrx_word' id='word_1_254' title='bbox 332 1617 497 1643; x_wconf 83' lang='lat' dir='ltr'>exeuntes</span> <span class='ocrx_word' id='word_1_255' title='bbox 520 1611 644 1649; x_wconf 87' lang='lat' dir='ltr'>omnia,</span> <span class='ocrx_word' id='word_1_256' title='bbox 668 1621 734 1654; x_wconf 88' lang='lat' dir='ltr'>que</span> <span class='ocrx_word' id='word_1_257' title='bbox 758 1612 793 1642; x_wconf 91' lang='lat' dir='ltr'>in</span> <span class='ocrx_word' id='word_1_258' title='bbox 817 1621 939 1653; x_wconf 91' lang='lat' dir='ltr'>campo</span> <span class='ocrx_word' id='word_1_259' title='bbox 962 1611 1176 1649; x_wconf 90' lang='lat' dir='ltr'>invenerunt,</span> <span class='ocrx_word' id='word_1_260' title='bbox 1200 1611 1335 1644; x_wconf 89' lang='lat' dir='ltr'>scilicet</span> <span class='ocrx_word' id='word_1_261' title='bbox 1357 1623 1553 1655; x_wconf 83' lang='lat' dir='ltr'>manganos,</span> <span class='ocrx_word' id='word_1_262' title='bbox 1577 1614 1738 1646; x_wconf 83' lang='lat' dir='ltr'>victualia</span> <span class='ocrx_word' id='word_1_263' title='bbox 1768 1621 1801 1646; x_wconf 90' lang='lat' dir='ltr'>et</span> <span class='ocrx_word' id='word_1_264' title='bbox 1827 1615 1893 1647; x_wconf 86' lang='lat' dir='ltr'>alia</span> <span class='ocrx_word' id='word_1_265' title='bbox 1917 1627 1970 1648; x_wconf 91' lang='lat' dir='ltr'>ra-</span> 
     </span>
     <span class='ocr_line' id='line_1_25' title="bbox 132 1663 1971 1708; baseline 0.002 -12"><span class='ocrx_word' id='word_1_266' title='bbox 132 1670 281 1707; x_wconf 89' lang='lat' dir='ltr'>puerunt</span> <span class='ocrx_word' id='word_1_267' title='bbox 303 1669 337 1697; x_wconf 85' lang='lat' dir='ltr'>et</span> <span class='ocrx_word' id='word_1_268' title='bbox 359 1664 599 1696; x_wconf 84' lang='lat' dir='ltr'>conduxerunt</span> <span class='ocrx_word' id='word_1_269' title='bbox 621 1664 657 1694; x_wconf 91' lang='lat' dir='ltr'>in</span> <span class='ocrx_word' id='word_1_270' title='bbox 682 1664 820 1696; x_wconf 90' lang='lat' dir='ltr'>civitate</span> <span class='ocrx_word' id='word_1_271' title='bbox 844 1663 1008 1707; x_wconf 86' lang='lat' dir='ltr'>Argente.</span> <span class='ocrx_word' id='word_1_272' title='bbox 1032 1664 1189 1696; x_wconf 90' lang='lat' dir='ltr'>Marchio</span> <span class='ocrx_word' id='word_1_273' title='bbox 1213 1670 1324 1696; x_wconf 91' lang='lat' dir='ltr'>autem</span> <span class='ocrx_word' id='word_1_274' title='bbox 1348 1665 1562 1708; x_wconf 89' lang='lat' dir='ltr'>Raynaldus,</span> <span class='ocrx_word' id='word_1_275' title='bbox 1587 1667 1728 1698; x_wconf 80' lang='lat' dir='ltr'>audiens</span> <span class='ocrx_word' id='word_1_276' title='bbox 1752 1667 1831 1707; x_wconf 90' lang='lat' dir='ltr'>hoc,</span> <span class='ocrx_word' id='word_1_277' title='bbox 1858 1669 1971 1700; x_wconf 85' lang='lat' dir='ltr'>statim</span> 
     </span>
     <span class='ocr_line' id='line_1_26' title="bbox 133 1716 1974 1760; baseline 0.002 -11"><span class='ocrx_word' id='word_1_278' title='bbox 133 1717 259 1750; x_wconf 83' lang='lat' dir='ltr'>direxit</span> <span class='ocrx_word' id='word_1_279' title='bbox 282 1717 444 1749; x_wconf 84' lang='lat' dir='ltr'>auxilium</span> <span class='ocrx_word' id='word_1_280' title='bbox 468 1716 534 1748; x_wconf 90' lang='lat' dir='ltr'>suis</span> <span class='ocrx_word' id='word_1_281' title='bbox 551 1716 718 1759; x_wconf 86' lang='lat' dir='ltr'>gentibus,</span> <span class='ocrx_word' id='word_1_282' title='bbox 735 1717 999 1759; x_wconf 88' lang='lat' dir='ltr'>precipiensque</span> <span class='ocrx_word' id='word_1_283' title='bbox 1030 1717 1206 1758; x_wconf 90' lang='lat' dir='ltr'>capitaneo</span> <span class='ocrx_word' id='word_1_284' title='bbox 1225 1723 1257 1749; x_wconf 91' lang='lat' dir='ltr'>et</span> <span class='ocrx_word' id='word_1_285' title='bbox 1274 1717 1349 1749; x_wconf 87' lang='lat' dir='ltr'>aliis</span> <span class='ocrx_word' id='word_1_286' title='bbox 1366 1718 1434 1749; x_wconf 89' lang='lat' dir='ltr'>suis</span> <span class='ocrx_word' id='word_1_287' title='bbox 1450 1719 1542 1760; x_wconf 90' lang='lat' dir='ltr'>quod</span> <span class='ocrx_word' id='word_1_288' title='bbox 1558 1719 1630 1751; x_wconf 89' lang='lat' dir='ltr'>sine</span> <span class='ocrx_word' id='word_1_289' title='bbox 1653 1731 1748 1752; x_wconf 89' lang='lat' dir='ltr'>mora</span> <span class='ocrx_word' id='word_1_290' title='bbox 1771 1721 1897 1752; x_wconf 88' lang='lat' dir='ltr'>reverti</span> <span class='ocrx_word' id='word_1_291' title='bbox 1914 1722 1974 1753; x_wconf 89' lang='lat' dir='ltr'>de-</span> 
     </span>
     <span class='ocr_line' id='line_1_27' title="bbox 68 1769 1978 1812; baseline 0.003 -11"><span class='ocrx_word' id='word_1_292' title='bbox 68 1769 108 1802; x_wconf 88' lang='lat'>25</span> <span class='ocrx_word' id='word_1_293' title='bbox 132 1770 252 1802; x_wconf 88' lang='lat' dir='ltr'>berent</span> <span class='ocrx_word' id='word_1_294' title='bbox 275 1770 319 1801; x_wconf 91' lang='lat' dir='ltr'>ad</span> <span class='ocrx_word' id='word_1_295' title='bbox 341 1769 486 1811; x_wconf 83' lang='lat' dir='ltr'>primum</span> <span class='ocrx_word' id='word_1_296' title='bbox 508 1769 633 1808; x_wconf 87' lang='lat' dir='ltr'>locum,</span> <span class='ocrx_word' id='word_1_297' title='bbox 649 1769 844 1811; x_wconf 87' lang='lat' dir='ltr'>significans</span> <span class='ocrx_word' id='word_1_298' title='bbox 868 1770 927 1807; x_wconf 90' lang='lat' dir='ltr'>eis,</span> <span class='ocrx_word' id='word_1_299' title='bbox 952 1770 1045 1812; x_wconf 90' lang='lat' dir='ltr'>quod</span> <span class='ocrx_word' id='word_1_300' title='bbox 1067 1769 1296 1811; x_wconf 87' lang='lat' dir='ltr'>personaliter</span> <span class='ocrx_word' id='word_1_301' title='bbox 1319 1771 1364 1801; x_wconf 88' lang='lat' dir='ltr'>ad</span> <span class='ocrx_word' id='word_1_302' title='bbox 1385 1780 1444 1802; x_wconf 88' lang='lat' dir='ltr'>eos</span> <span class='ocrx_word' id='word_1_303' title='bbox 1468 1772 1651 1804; x_wconf 85' lang='lat' dir='ltr'>accederet</span> <span class='ocrx_word' id='word_1_304' title='bbox 1673 1773 1918 1811; x_wconf 84' lang='lat' dir='ltr'>incontinenti;</span> <span class='ocrx_word' id='word_1_305' title='bbox 1944 1780 1978 1806; x_wconf 90' lang='lat' dir='ltr'>et</span> 
     </span>
     <span class='ocr_line' id='line_1_28' title="bbox 131 1820 1974 1867; baseline 0.003 -14"><span class='ocrx_word' id='word_1_306' title='bbox 131 1823 180 1854; x_wconf 88' lang='lat' dir='ltr'>sic</span> <span class='ocrx_word' id='word_1_307' title='bbox 203 1823 363 1854; x_wconf 78' lang='lat' dir='ltr'>fecerunt</span> <span class='ocrx_word' id='word_1_308' title='bbox 395 1828 428 1854; x_wconf 88' lang='lat' dir='ltr'>et</span> <span class='ocrx_word' id='word_1_309' title='bbox 458 1822 632 1854; x_wconf 89' lang='lat' dir='ltr'>redierunt</span> <span class='ocrx_word' id='word_1_310' title='bbox 654 1823 701 1854; x_wconf 88' lang='lat' dir='ltr'>ad</span> <span class='ocrx_word' id='word_1_311' title='bbox 725 1832 883 1864; x_wconf 88' lang='lat' dir='ltr'>campum</span> <span class='ocrx_word' id='word_1_312' title='bbox 914 1820 1070 1864; x_wconf 86' lang='lat' dir='ltr'>primum.</span> <span class='ocrx_word' id='word_1_313' title='bbox 1117 1822 1281 1854; x_wconf 89' lang='lat' dir='ltr'>Dominus</span> <span class='ocrx_word' id='word_1_314' title='bbox 1312 1823 1464 1855; x_wconf 91' lang='lat' dir='ltr'>marchio</span> <span class='ocrx_word' id='word_1_315' title='bbox 1497 1823 1616 1867; x_wconf 78' lang='lat' dir='ltr'>Obico,</span> <span class='ocrx_word' id='word_1_316' title='bbox 1645 1825 1703 1867; x_wconf 90' lang='lat' dir='ltr'>qui</span> <span class='ocrx_word' id='word_1_317' title='bbox 1726 1825 1865 1858; x_wconf 89' lang='lat' dir='ltr'>Verone</span> <span class='ocrx_word' id='word_1_318' title='bbox 1891 1833 1974 1865; x_wconf 86' lang='lat' dir='ltr'>erat,</span> 
     </span>
     <span class='ocr_line' id='line_1_29' title="bbox 133 1875 1974 1922; baseline 0.002 -16"><span class='ocrx_word' id='word_1_319' title='bbox 133 1876 274 1907; x_wconf 87' lang='lat' dir='ltr'>audiens</span> <span class='ocrx_word' id='word_1_320' title='bbox 297 1876 372 1913; x_wconf 91' lang='lat' dir='ltr'>hec,</span> <span class='ocrx_word' id='word_1_321' title='bbox 397 1875 597 1908; x_wconf 84' lang='lat' dir='ltr'>festinanter</span> <span class='ocrx_word' id='word_1_322' title='bbox 626 1885 782 1907; x_wconf 85' lang='lat' dir='ltr'>reversus</span> <span class='ocrx_word' id='word_1_323' title='bbox 813 1881 863 1907; x_wconf 89' lang='lat' dir='ltr'>est</span> <span class='ocrx_word' id='word_1_324' title='bbox 893 1875 1095 1913; x_wconf 88' lang='lat' dir='ltr'>Ferrariam,</span> <span class='ocrx_word' id='word_1_325' title='bbox 1127 1886 1306 1907; x_wconf 90' lang='lat' dir='ltr'>remanens</span> <span class='ocrx_word' id='word_1_326' title='bbox 1337 1876 1371 1906; x_wconf 93' lang='lat' dir='ltr'>in</span> <span class='ocrx_word' id='word_1_327' title='bbox 1403 1876 1556 1913; x_wconf 89' lang='lat' dir='ltr'>civitate;</span> <span class='ocrx_word' id='word_1_328' title='bbox 1589 1878 1741 1910; x_wconf 89' lang='lat' dir='ltr'>marchio</span> <span class='ocrx_word' id='word_1_329' title='bbox 1772 1879 1974 1922; x_wconf 88' lang='lat' dir='ltr'>Raynaldus</span> 
     </span>
     <span class='ocr_line' id='line_1_30' title="bbox 132 1928 1973 1974; baseline 0.002 -15"><span class='ocrx_word' id='word_1_330' title='bbox 132 1928 297 1972; x_wconf 86' lang='lat' dir='ltr'>equitavit</span> <span class='ocrx_word' id='word_1_331' title='bbox 320 1928 506 1960; x_wconf 76' lang='lat' dir='ltr'>exercitum</span> <span class='ocrx_word' id='word_1_332' title='bbox 529 1939 624 1960; x_wconf 90' lang='lat' dir='ltr'>suum</span> <span class='ocrx_word' id='word_1_333' title='bbox 648 1939 712 1970; x_wconf 91' lang='lat' dir='ltr'>per</span> <span class='ocrx_word' id='word_1_334' title='bbox 735 1934 867 1970; x_wconf 89' lang='lat' dir='ltr'>tempus</span> <span class='ocrx_word' id='word_1_335' title='bbox 890 1928 1082 1970; x_wconf 88' lang='lat' dir='ltr'>pluviosum</span> <span class='ocrx_word' id='word_1_336' title='bbox 1115 1934 1149 1960; x_wconf 89' lang='lat' dir='ltr'>et</span> <span class='ocrx_word' id='word_1_337' title='bbox 1181 1928 1389 1960; x_wconf 79' lang='lat' dir='ltr'>contrarium</span> <span class='ocrx_word' id='word_1_338' title='bbox 1419 1930 1528 1972; x_wconf 85' lang='lat' dir='ltr'>yemis</span> <span class='ocrx_word' id='word_1_339' title='bbox 1552 1930 1793 1963; x_wconf 85' lang='lat' dir='ltr'>nichilominus</span> <span class='ocrx_word' id='word_1_340' title='bbox 1824 1932 1973 1974; x_wconf 90' lang='lat' dir='ltr'>splanari</span> 
     </span>
     <span class='ocr_line' id='line_1_31' title="bbox 132 1981 1975 2026; baseline 0.003 -14"><span class='ocrx_word' id='word_1_341' title='bbox 132 1981 219 2013; x_wconf 78' lang='lat' dir='ltr'>fecit</span> <span class='ocrx_word' id='word_1_342' title='bbox 241 1987 275 2013; x_wconf 86' lang='lat' dir='ltr'>et</span> <span class='ocrx_word' id='word_1_343' title='bbox 298 1981 517 2013; x_wconf 88' lang='lat' dir='ltr'>rehedificari</span> <span class='ocrx_word' id='word_1_344' title='bbox 541 1981 722 2013; x_wconf 82' lang='lat' dir='ltr'>fortilicias</span> <span class='ocrx_word' id='word_1_345' title='bbox 738 1981 900 2024; x_wconf 90' lang='lat' dir='ltr'>undique,</span> <span class='ocrx_word' id='word_1_346' title='bbox 925 1991 994 2012; x_wconf 91' lang='lat' dir='ltr'>non</span> <span class='ocrx_word' id='word_1_347' title='bbox 1018 1991 1195 2013; x_wconf 89' lang='lat' dir='ltr'>removens</span> <span class='ocrx_word' id='word_1_348' title='bbox 1211 1982 1359 2013; x_wconf 90' lang='lat' dir='ltr'>animum</span> <span class='ocrx_word' id='word_1_349' title='bbox 1375 1993 1470 2013; x_wconf 88' lang='lat' dir='ltr'>suum</span> <span class='ocrx_word' id='word_1_350' title='bbox 1486 1982 1626 2014; x_wconf 88' lang='lat' dir='ltr'>volendi</span> <span class='ocrx_word' id='word_1_351' title='bbox 1642 1983 1814 2016; x_wconf 88' lang='lat' dir='ltr'>civitatem</span> <span class='ocrx_word' id='word_1_352' title='bbox 1836 1985 1975 2026; x_wconf 90' lang='lat' dir='ltr'>predic-</span> 
     </span>
     <span class='ocr_line' id='line_1_32' title="bbox 71 2033 1975 2076; baseline 0.002 -11"><span class='ocrx_word' id='word_1_353' title='bbox 71 2035 113 2065; x_wconf 88' lang='grc'>30</span> <span class='ocrx_word' id='word_1_354' title='bbox 137 2040 215 2066; x_wconf 87' lang='lat' dir='ltr'>tam.</span> <span class='ocrx_word' id='word_1_355' title='bbox 262 2033 380 2070; x_wconf 83' lang='lat' dir='ltr'>Quare</span> <span class='ocrx_word' id='word_1_356' title='bbox 412 2034 504 2066; x_wconf 91' lang='lat' dir='ltr'>cives</span> <span class='ocrx_word' id='word_1_357' title='bbox 534 2034 680 2066; x_wconf 83' lang='lat' dir='ltr'>civitatis</span> <span class='ocrx_word' id='word_1_358' title='bbox 710 2034 932 2076; x_wconf 87' lang='lat' dir='ltr'>respicientes</span> <span class='ocrx_word' id='word_1_359' title='bbox 963 2035 1196 2076; x_wconf 89' lang='lat' dir='ltr'>volunptatem</span> <span class='ocrx_word' id='word_1_360' title='bbox 1228 2034 1313 2065; x_wconf 88' lang='lat' dir='ltr'>dicti</span> <span class='ocrx_word' id='word_1_361' title='bbox 1351 2035 1490 2074; x_wconf 89' lang='lat' dir='ltr'>domini,</span> <span class='ocrx_word' id='word_1_362' title='bbox 1529 2041 1562 2066; x_wconf 92' lang='lat' dir='ltr'>et</span> <span class='ocrx_word' id='word_1_363' title='bbox 1600 2043 1754 2069; x_wconf 87' lang='lat' dir='ltr'>carentes</span> <span class='ocrx_word' id='word_1_364' title='bbox 1791 2037 1975 2076; x_wconf 83' lang='lat' dir='ltr'>victualiis,</span> 
     </span>
     <span class='ocr_line' id='line_1_33' title="bbox 135 2086 1973 2130; baseline 0.002 -12"><span class='ocrx_word' id='word_1_365' title='bbox 135 2086 306 2128; x_wconf 87' lang='lat' dir='ltr'>petierunt</span> <span class='ocrx_word' id='word_1_366' title='bbox 328 2092 432 2127; x_wconf 89' lang='lat' dir='ltr'>pacta</span> <span class='ocrx_word' id='word_1_367' title='bbox 454 2097 473 2117; x_wconf 84' lang='lat' dir='ltr'>a</span> <span class='ocrx_word' id='word_1_368' title='bbox 497 2087 636 2118; x_wconf 92' lang='lat' dir='ltr'>domino</span> <span class='ocrx_word' id='word_1_369' title='bbox 658 2086 874 2126; x_wconf 87' lang='lat' dir='ltr'>Marchione,</span> <span class='ocrx_word' id='word_1_370' title='bbox 898 2087 991 2129; x_wconf 92' lang='lat' dir='ltr'>quod</span> <span class='ocrx_word' id='word_1_371' title='bbox 1013 2086 1232 2128; x_wconf 88' lang='lat' dir='ltr'>permicteret</span> <span class='ocrx_word' id='word_1_372' title='bbox 1255 2097 1314 2118; x_wconf 89' lang='lat' dir='ltr'>eos</span> <span class='ocrx_word' id='word_1_373' title='bbox 1330 2088 1492 2119; x_wconf 90' lang='lat' dir='ltr'>nuncium</span> <span class='ocrx_word' id='word_1_374' title='bbox 1513 2088 1614 2130; x_wconf 87' lang='lat' dir='ltr'>dirigi</span> <span class='ocrx_word' id='word_1_375' title='bbox 1637 2089 1682 2120; x_wconf 91' lang='lat' dir='ltr'>ad</span> <span class='ocrx_word' id='word_1_376' title='bbox 1705 2089 1878 2122; x_wconf 91' lang='lat' dir='ltr'>dominum</span> <span class='ocrx_word' id='word_1_377' title='bbox 1906 2091 1973 2123; x_wconf 93' lang='lat' dir='ltr'>Le-</span> 
     </span>
     <span class='ocr_line' id='line_1_34' title="bbox 134 2139 1971 2183; baseline 0.002 -12"><span class='ocrx_word' id='word_1_378' title='bbox 134 2145 250 2182; x_wconf 85' lang='lat' dir='ltr'>gatum</span> <span class='ocrx_word' id='word_1_379' title='bbox 274 2140 317 2170; x_wconf 89' lang='lat' dir='ltr'>de</span> <span class='ocrx_word' id='word_1_380' title='bbox 332 2139 499 2177; x_wconf 80' lang='lat' dir='ltr'>Bononia,</span> <span class='ocrx_word' id='word_1_381' title='bbox 517 2145 699 2182; x_wconf 87' lang='lat' dir='ltr'>querentes</span> <span class='ocrx_word' id='word_1_382' title='bbox 722 2140 894 2172; x_wconf 82' lang='lat' dir='ltr'>auxilium.</span> <span class='ocrx_word' id='word_1_383' title='bbox 941 2139 1047 2177; x_wconf 87' lang='lat' dir='ltr'>Quod</span> <span class='ocrx_word' id='word_1_384' title='bbox 1072 2140 1100 2171; x_wconf 90' lang='lat' dir='ltr'>si</span> <span class='ocrx_word' id='word_1_385' title='bbox 1124 2140 1172 2171; x_wconf 87' lang='lat' dir='ltr'>eis</span> <span class='ocrx_word' id='word_1_386' title='bbox 1195 2150 1264 2171; x_wconf 92' lang='lat' dir='ltr'>non</span> <span class='ocrx_word' id='word_1_387' title='bbox 1287 2146 1463 2172; x_wconf 89' lang='lat' dir='ltr'>sucureret</span> <span class='ocrx_word' id='word_1_388' title='bbox 1485 2151 1592 2183; x_wconf 88' lang='lat' dir='ltr'>usque</span> <span class='ocrx_word' id='word_1_389' title='bbox 1620 2142 1665 2174; x_wconf 89' lang='lat' dir='ltr'>ad</span> <span class='ocrx_word' id='word_1_390' title='bbox 1690 2142 1781 2174; x_wconf 90' lang='lat' dir='ltr'>diem</span> <span class='ocrx_word' id='word_1_391' title='bbox 1805 2149 1971 2183; x_wconf 89' lang='lat' dir='ltr'>octavam,</span> 
     </span>
     <span class='ocr_line' id='line_1_35' title="bbox 136 2192 1976 2235; baseline 0.003 -12"><span class='ocrx_word' id='word_1_392' title='bbox 136 2193 230 2235; x_wconf 91' lang='lat' dir='ltr'>quod</span> <span class='ocrx_word' id='word_1_393' title='bbox 254 2192 428 2224; x_wconf 85' lang='lat' dir='ltr'>civitatem</span> <span class='ocrx_word' id='word_1_394' title='bbox 446 2193 572 2224; x_wconf 91' lang='lat' dir='ltr'>dictam</span> <span class='ocrx_word' id='word_1_395' title='bbox 590 2194 764 2225; x_wconf 88' lang='lat' dir='ltr'>traderent</span> <span class='ocrx_word' id='word_1_396' title='bbox 787 2193 939 2225; x_wconf 91' lang='lat' dir='ltr'>dominio</span> <span class='ocrx_word' id='word_1_397' title='bbox 965 2193 1092 2226; x_wconf 90' lang='lat' dir='ltr'>domini</span> <span class='ocrx_word' id='word_1_398' title='bbox 1116 2193 1346 2230; x_wconf 83' lang='lat' dir='ltr'>Marchionis3</span> <span class='ocrx_word' id='word_1_399' title='bbox 1372 2200 1405 2225; x_wconf 88' lang='lat' dir='ltr'>et</span> <span class='ocrx_word' id='word_1_400' title='bbox 1429 2194 1471 2225; x_wconf 90' lang='lat' dir='ltr'>de</span> <span class='ocrx_word' id='word_1_401' title='bbox 1496 2194 1561 2225; x_wconf 90' lang='lat' dir='ltr'>hoc</span> <span class='ocrx_word' id='word_1_402' title='bbox 1587 2195 1756 2227; x_wconf 86' lang='lat' dir='ltr'>dederunt</span> <span class='ocrx_word' id='word_1_403' title='bbox 1779 2197 1976 2228; x_wconf 86' lang='lat' dir='ltr'>suffitientes</span> 
     </span>
     <span class='ocr_line' id='line_1_36' title="bbox 135 2244 1976 2290; baseline 0.003 -14"><span class='ocrx_word' id='word_1_404' title='bbox 135 2245 332 2278; x_wconf 83' lang='lat' dir='ltr'>hostaticos.</span> <span class='ocrx_word' id='word_1_405' title='bbox 380 2244 460 2282; x_wconf 88' lang='lat' dir='ltr'>Quo</span> <span class='ocrx_word' id='word_1_406' title='bbox 484 2246 588 2283; x_wconf 74' lang='lat' dir='ltr'>facto,</span> <span class='ocrx_word' id='word_1_407' title='bbox 612 2244 771 2278; x_wconf 90' lang='lat' dir='ltr'>Marchio</span> <span class='ocrx_word' id='word_1_408' title='bbox 796 2247 949 2288; x_wconf 78' lang='lat' dir='ltr'>prefatus</span> <span class='ocrx_word' id='word_1_409' title='bbox 973 2246 1143 2279; x_wconf 86' lang='lat' dir='ltr'>concessit</span> <span class='ocrx_word' id='word_1_410' title='bbox 1167 2246 1214 2278; x_wconf 92' lang='lat' dir='ltr'>eis</span> <span class='ocrx_word' id='word_1_411' title='bbox 1238 2246 1423 2278; x_wconf 88' lang='lat' dir='ltr'>licentiam.</span> <span class='ocrx_word' id='word_1_412' title='bbox 1469 2247 1569 2278; x_wconf 90' lang='lat' dir='ltr'>Tunc</span> <span class='ocrx_word' id='word_1_413' title='bbox 1586 2247 1751 2290; x_wconf 87' lang='lat' dir='ltr'>Argentei</span> <span class='ocrx_word' id='word_1_414' title='bbox 1776 2248 1976 2282; x_wconf 86' lang='lat' dir='ltr'>direxerunt</span> 
     </span>
     <span class='ocr_line' id='line_1_37' title="bbox 71 2297 1975 2342; baseline 0.003 -13"><span class='ocrx_word' id='word_1_415' title='bbox 71 2297 112 2329; x_wconf 82' lang='lat'>35</span> <span class='ocrx_word' id='word_1_416' title='bbox 137 2298 298 2330; x_wconf 89' lang='lat' dir='ltr'>nuncium</span> <span class='ocrx_word' id='word_1_417' title='bbox 323 2298 460 2330; x_wconf 87' lang='lat' dir='ltr'>domino</span> <span class='ocrx_word' id='word_1_418' title='bbox 483 2298 617 2342; x_wconf 83' lang='lat' dir='ltr'>Ligato‚</span> <span class='ocrx_word' id='word_1_419' title='bbox 645 2299 875 2342; x_wconf 88' lang='lat' dir='ltr'>significantes</span> <span class='ocrx_word' id='word_1_420' title='bbox 899 2310 1014 2332; x_wconf 81' lang='lat' dir='ltr'>eorum</span> <span class='ocrx_word' id='word_1_421' title='bbox 1037 2299 1254 2337; x_wconf 82' lang='lat' dir='ltr'>stremitates3</span> <span class='ocrx_word' id='word_1_422' title='bbox 1280 2309 1383 2341; x_wconf 84' lang='lat' dir='ltr'>quare</span> <span class='ocrx_word' id='word_1_423' title='bbox 1407 2299 1557 2342; x_wconf 89' lang='lat' dir='ltr'>Legatus</span> <span class='ocrx_word' id='word_1_424' title='bbox 1581 2300 1785 2333; x_wconf 81' lang='lat' dir='ltr'>festinanter</span> <span class='ocrx_word' id='word_1_425' title='bbox 1808 2303 1907 2334; x_wconf 76' lang='lat' dir='ltr'>mixit</span> <span class='ocrx_word' id='word_1_426' title='bbox 1929 2304 1975 2335; x_wconf 91' lang='lat' dir='ltr'>ad</span> 
     </span>
     <span class='ocr_line' id='line_1_38' title="bbox 136 2352 1975 2396; baseline 0.003 -14"><span class='ocrx_word' id='word_1_427' title='bbox 136 2361 195 2382; x_wconf 90' lang='lat' dir='ltr'>eos</span> <span class='ocrx_word' id='word_1_428' title='bbox 217 2356 338 2393; x_wconf 87' lang='lat' dir='ltr'>gentes</span> <span class='ocrx_word' id='word_1_429' title='bbox 361 2357 534 2393; x_wconf 88' lang='lat' dir='ltr'>equestres</span> <span class='ocrx_word' id='word_1_430' title='bbox 557 2357 591 2383; x_wconf 88' lang='lat' dir='ltr'>et</span> <span class='ocrx_word' id='word_1_431' title='bbox 614 2352 749 2393; x_wconf 89' lang='lat' dir='ltr'>pedites</span> <span class='ocrx_word' id='word_1_432' title='bbox 771 2352 808 2383; x_wconf 91' lang='lat' dir='ltr'>in</span> <span class='ocrx_word' id='word_1_433' title='bbox 832 2352 978 2384; x_wconf 83' lang='lat' dir='ltr'>maxima</span> <span class='ocrx_word' id='word_1_434' title='bbox 1001 2352 1188 2394; x_wconf 85' lang='lat' dir='ltr'>quantitate</span> <span class='ocrx_word' id='word_1_435' title='bbox 1212 2352 1246 2383; x_wconf 89' lang='lat' dir='ltr'>in</span> <span class='ocrx_word' id='word_1_436' title='bbox 1270 2362 1411 2384; x_wconf 88' lang='lat' dir='ltr'>sucursu</span> <span class='ocrx_word' id='word_1_437' title='bbox 1434 2352 1525 2384; x_wconf 86' lang='lat' dir='ltr'>dicte</span> <span class='ocrx_word' id='word_1_438' title='bbox 1552 2359 1655 2390; x_wconf 89' lang='lat' dir='ltr'>terre;</span> <span class='ocrx_word' id='word_1_439' title='bbox 1683 2354 1725 2385; x_wconf 93' lang='lat' dir='ltr'>de</span> <span class='ocrx_word' id='word_1_440' title='bbox 1749 2365 1891 2396; x_wconf 87' lang='lat' dir='ltr'>quorum</span> <span class='ocrx_word' id='word_1_441' title='bbox 1915 2356 1975 2387; x_wconf 84' lang='lat' dir='ltr'>ad-</span> 
     </span>
     <span class='ocr_line' id='line_1_39' title="bbox 136 2404 1974 2451; baseline 0.003 -17"><span class='ocrx_word' id='word_1_442' title='bbox 136 2409 240 2435; x_wconf 89' lang='lat' dir='ltr'>ventu</span> <span class='ocrx_word' id='word_1_443' title='bbox 263 2404 421 2435; x_wconf 88' lang='lat' dir='ltr'>Marchio</span> <span class='ocrx_word' id='word_1_444' title='bbox 446 2404 617 2445; x_wconf 81' lang='lat' dir='ltr'>previxus,</span> <span class='ocrx_word' id='word_1_445' title='bbox 640 2410 812 2447; x_wconf 87' lang='lat' dir='ltr'>tamquam</span> <span class='ocrx_word' id='word_1_446' title='bbox 837 2405 974 2446; x_wconf 90' lang='lat' dir='ltr'>probus,</span> <span class='ocrx_word' id='word_1_447' title='bbox 999 2405 1122 2437; x_wconf 83' lang='lat' dir='ltr'>direxit</span> <span class='ocrx_word' id='word_1_448' title='bbox 1145 2405 1319 2449; x_wconf 88' lang='lat' dir='ltr'>navigium</span> <span class='ocrx_word' id='word_1_449' title='bbox 1344 2416 1439 2437; x_wconf 88' lang='lat' dir='ltr'>suum</span> <span class='ocrx_word' id='word_1_450' title='bbox 1463 2406 1508 2437; x_wconf 87' lang='lat' dir='ltr'>ad</span> <span class='ocrx_word' id='word_1_451' title='bbox 1531 2416 1665 2447; x_wconf 88' lang='lat' dir='ltr'>passum</span> <span class='ocrx_word' id='word_1_452' title='bbox 1693 2406 1881 2450; x_wconf 89' lang='lat' dir='ltr'>Mergonis,</span> <span class='ocrx_word' id='word_1_453' title='bbox 1906 2418 1974 2451; x_wconf 91' lang='lat' dir='ltr'>quo</span> 
     </span>
     <span class='ocr_line' id='line_1_40' title="bbox 136 2455 1976 2501; baseline 0.003 -14"><span class='ocrx_word' id='word_1_454' title='bbox 136 2456 279 2488; x_wconf 89' lang='lat' dir='ltr'>transire</span> <span class='ocrx_word' id='word_1_455' title='bbox 303 2455 485 2495; x_wconf 85' lang='lat' dir='ltr'>debebant,</span> <span class='ocrx_word' id='word_1_456' title='bbox 511 2467 588 2488; x_wconf 89' lang='lat' dir='ltr'>cum</span> <span class='ocrx_word' id='word_1_457' title='bbox 612 2457 724 2489; x_wconf 89' lang='lat' dir='ltr'>multis</span> <span class='ocrx_word' id='word_1_458' title='bbox 748 2457 892 2490; x_wconf 88' lang='lat' dir='ltr'>balistris</span> <span class='ocrx_word' id='word_1_459' title='bbox 916 2458 960 2489; x_wconf 90' lang='lat' dir='ltr'>ad</span> <span class='ocrx_word' id='word_1_460' title='bbox 984 2458 1189 2490; x_wconf 90' lang='lat' dir='ltr'>obviandum</span> <span class='ocrx_word' id='word_1_461' title='bbox 1205 2458 1381 2489; x_wconf 90' lang='lat' dir='ltr'>transitum</span> <span class='ocrx_word' id='word_1_462' title='bbox 1407 2458 1482 2490; x_wconf 86' lang='lat' dir='ltr'>illis.</span> <span class='ocrx_word' id='word_1_463' title='bbox 1529 2458 1668 2490; x_wconf 84' lang='lat' dir='ltr'>Interim</span> <span class='ocrx_word' id='word_1_464' title='bbox 1693 2460 1869 2501; x_wconf 86' lang='lat' dir='ltr'>preparari</span> <span class='ocrx_word' id='word_1_465' title='bbox 1890 2461 1976 2493; x_wconf 80' lang='lat' dir='ltr'>fecit</span> 
     </span>
     <span class='ocr_line' id='line_1_41' title="bbox 137 2509 1975 2555; baseline 0.003 -16"><span class='ocrx_word' id='word_1_466' title='bbox 137 2509 317 2540; x_wconf 85' lang='lat' dir='ltr'>maximam</span> <span class='ocrx_word' id='word_1_467' title='bbox 342 2509 563 2551; x_wconf 89' lang='lat' dir='ltr'>quantitatem</span> <span class='ocrx_word' id='word_1_468' title='bbox 586 2509 795 2549; x_wconf 88' lang='lat' dir='ltr'>balistorum,</span> <span class='ocrx_word' id='word_1_469' title='bbox 818 2511 1058 2552; x_wconf 88' lang='lat' dir='ltr'>sclopetorum‚</span> <span class='ocrx_word' id='word_1_470' title='bbox 1081 2511 1342 2553; x_wconf 87' lang='lat' dir='ltr'>spingardarum</span> <span class='ocrx_word' id='word_1_471' title='bbox 1366 2516 1399 2542; x_wconf 88' lang='lat' dir='ltr'>et</span> <span class='ocrx_word' id='word_1_472' title='bbox 1423 2510 1565 2542; x_wconf 89' lang='lat' dir='ltr'>aliorum</span> <span class='ocrx_word' id='word_1_473' title='bbox 1597 2512 1740 2543; x_wconf 88' lang='lat' dir='ltr'>militum</span> <span class='ocrx_word' id='word_1_474' title='bbox 1765 2519 1799 2544; x_wconf 91' lang='lat' dir='ltr'>et</span> <span class='ocrx_word' id='word_1_475' title='bbox 1822 2514 1975 2555; x_wconf 87' lang='lat' dir='ltr'>peditum</span> 
     </span>
     <span class='ocr_line' id='line_1_42' title="bbox 73 2563 1974 2607; baseline 0.003 -15"><span class='ocrx_word' id='word_1_476' title='bbox 73 2563 114 2592; x_wconf 76' lang='lat'>40</span> <span class='ocrx_word' id='word_1_477' title='bbox 137 2572 199 2603; x_wconf 91' lang='lat' dir='ltr'>per</span> <span class='ocrx_word' id='word_1_478' title='bbox 222 2568 345 2594; x_wconf 88' lang='lat' dir='ltr'>terram</span> <span class='ocrx_word' id='word_1_479' title='bbox 369 2569 403 2595; x_wconf 88' lang='lat' dir='ltr'>et</span> <span class='ocrx_word' id='word_1_480' title='bbox 424 2573 486 2604; x_wconf 91' lang='lat' dir='ltr'>per</span> <span class='ocrx_word' id='word_1_481' title='bbox 510 2573 632 2605; x_wconf 87' lang='lat' dir='ltr'>aquam</span> <span class='ocrx_word' id='word_1_482' title='bbox 655 2564 690 2594; x_wconf 91' lang='lat' dir='ltr'>in</span> <span class='ocrx_word' id='word_1_483' title='bbox 714 2564 860 2596; x_wconf 71' lang='lat' dir='ltr'>maxima</span> <span class='ocrx_word' id='word_1_484' title='bbox 884 2564 1084 2607; x_wconf 88' lang='lat' dir='ltr'>quantitate,</span> <span class='ocrx_word' id='word_1_485' title='bbox 1102 2574 1144 2595; x_wconf 90' lang='lat' dir='ltr'>ne</span> <span class='ocrx_word' id='word_1_486' title='bbox 1160 2564 1291 2596; x_wconf 87' lang='lat' dir='ltr'>inimici</span> <span class='ocrx_word' id='word_1_487' title='bbox 1304 2565 1503 2601; x_wconf 84' lang='lat' dir='ltr'>transirent;</span> <span class='ocrx_word' id='word_1_488' title='bbox 1522 2571 1556 2596; x_wconf 91' lang='lat' dir='ltr'>et</span> <span class='ocrx_word' id='word_1_489' title='bbox 1571 2564 1655 2597; x_wconf 78' lang='lat' dir='ltr'>fecit</span> <span class='ocrx_word' id='word_1_490' title='bbox 1679 2565 1852 2597; x_wconf 90' lang='lat' dir='ltr'>comburri</span> <span class='ocrx_word' id='word_1_491' title='bbox 1869 2572 1974 2598; x_wconf 86' lang='lat' dir='ltr'>totam</span> 
     </span>
     <span class='ocr_line' id='line_1_43' title="bbox 138 2615 1978 2659; baseline 0.002 -13"><span class='ocrx_word' id='word_1_492' title='bbox 138 2615 299 2656; x_wconf 89' lang='lat' dir='ltr'>paludem</span> <span class='ocrx_word' id='word_1_493' title='bbox 322 2625 429 2657; x_wconf 87' lang='lat' dir='ltr'>usque</span> <span class='ocrx_word' id='word_1_494' title='bbox 453 2616 586 2654; x_wconf 87' lang='lat' dir='ltr'>vallem,</span> <span class='ocrx_word' id='word_1_495' title='bbox 611 2627 654 2647; x_wconf 92' lang='lat' dir='ltr'>ne</span> <span class='ocrx_word' id='word_1_496' title='bbox 678 2617 869 2658; x_wconf 89' lang='lat' dir='ltr'>reperirent</span> <span class='ocrx_word' id='word_1_497' title='bbox 893 2617 1017 2659; x_wconf 90' lang='lat' dir='ltr'>aliqua,</span> <span class='ocrx_word' id='word_1_498' title='bbox 1031 2617 1092 2649; x_wconf 93' lang='lat' dir='ltr'>sub</span> <span class='ocrx_word' id='word_1_499' title='bbox 1117 2627 1183 2659; x_wconf 93' lang='lat' dir='ltr'>quo</span> <span class='ocrx_word' id='word_1_500' title='bbox 1199 2623 1440 2658; x_wconf 86' lang='lat' dir='ltr'>permanerent</span> <span class='ocrx_word' id='word_1_501' title='bbox 1456 2617 1643 2659; x_wconf 88' lang='lat' dir='ltr'>cohoperti.</span> <span class='ocrx_word' id='word_1_502' title='bbox 1690 2618 1824 2650; x_wconf 90' lang='lat' dir='ltr'>Tamen</span> <span class='ocrx_word' id='word_1_503' title='bbox 1847 2619 1978 2650; x_wconf 90' lang='lat' dir='ltr'>inimici</span> 
     </span>
     <span class='ocr_line' id='line_1_44' title="bbox 137 2668 1978 2713; baseline 0.002 -14"><span class='ocrx_word' id='word_1_504' title='bbox 137 2674 304 2700; x_wconf 90' lang='lat' dir='ltr'>venerunt</span> <span class='ocrx_word' id='word_1_505' title='bbox 327 2678 433 2711; x_wconf 89' lang='lat' dir='ltr'>usque</span> <span class='ocrx_word' id='word_1_506' title='bbox 456 2669 564 2711; x_wconf 90' lang='lat' dir='ltr'>ripam</span> <span class='ocrx_word' id='word_1_507' title='bbox 588 2668 686 2709; x_wconf 89' lang='lat' dir='ltr'>Padi,</span> <span class='ocrx_word' id='word_1_508' title='bbox 711 2668 893 2702; x_wconf 87' lang='lat' dir='ltr'>credentes</span> <span class='ocrx_word' id='word_1_509' title='bbox 916 2680 1077 2702; x_wconf 86' lang='lat' dir='ltr'>sucurere</span> <span class='ocrx_word' id='word_1_510' title='bbox 1101 2676 1190 2701; x_wconf 89' lang='lat' dir='ltr'>terre</span> <span class='ocrx_word' id='word_1_511' title='bbox 1214 2669 1378 2713; x_wconf 87' lang='lat' dir='ltr'>Argente.</span> <span class='ocrx_word' id='word_1_512' title='bbox 1424 2670 1484 2702; x_wconf 90' lang='lat' dir='ltr'>Set</span> <span class='ocrx_word' id='word_1_513' title='bbox 1507 2676 1624 2713; x_wconf 88' lang='lat' dir='ltr'>gentes</span> <span class='ocrx_word' id='word_1_514' title='bbox 1645 2671 1859 2703; x_wconf 89' lang='lat' dir='ltr'>dominorum</span> <span class='ocrx_word' id='word_1_515' title='bbox 1884 2671 1978 2703; x_wconf 90' lang='lat' dir='ltr'>Mar-</span> 
     </span>
    </p>
   </div>
   <div class='ocr_carea' id='block_1_5' title="bbox 140 2823 1978 2943">
    <p class='ocr_par' dir='ltr' id='par_1_5' title="bbox 140 2823 1978 2943">
     <span class='ocr_line' id='line_1_45' title="bbox 227 2823 1976 2860; baseline 0.002 -12"><span class='ocrx_word' id='word_1_516' title='bbox 227 2823 252 2848; x_wconf 83' lang='lat'>6.</span> <span class='ocrx_word' id='word_1_517' title='bbox 271 2824 375 2848; x_wconf 87' lang='lat' dir='ltr'>Eodem</span> <span class='ocrx_word' id='word_1_518' title='bbox 395 2825 552 2857; x_wconf 85' lang='lat' dir='ltr'>millesimo]</span> <span class='ocrx_word' id='word_1_519' title='bbox 573 2826 625 2850; x_wconf 87' lang='lat' dir='ltr'>Die</span> <span class='ocrx_word' id='word_1_520' title='bbox 644 2826 722 2851; x_wconf 68' lang='lat' dir='ltr'>Mun.</span> <span class='ocrx_word' id='word_1_521' title='bbox 742 2839 774 2844; x_wconf 89' lang='lat'>——-</span> <span class='ocrx_word' id='word_1_522' title='bbox 794 2833 819 2857; x_wconf 88' lang='lat'>9.</span> <span class='ocrx_word' id='word_1_523' title='bbox 838 2825 961 2857; x_wconf 85' lang='lat' dir='ltr'>civitati]</span> <span class='ocrx_word' id='word_1_524' title='bbox 981 2826 1087 2850; x_wconf 78' lang='lat' dir='ltr'>civitat.</span> <span class='ocrx_word' id='word_1_525' title='bbox 1107 2828 1151 2854; x_wconf 70' lang='lat' dir='ltr'>A:</span> <span class='ocrx_word' id='word_1_526' title='bbox 1169 2827 1296 2852; x_wconf 78' lang='lat' dir='ltr'>civitatis</span> <span class='ocrx_word' id='word_1_527' title='bbox 1314 2828 1358 2855; x_wconf 81' lang='grc' dir='ltr'>Β,-</span> <span class='ocrx_word' id='word_1_528' title='bbox 1377 2827 1411 2851; x_wconf 80' lang='lat' dir='ltr'>ad</span> <span class='ocrx_word' id='word_1_529' title='bbox 1429 2827 1571 2852; x_wconf 80' lang='lat' dir='ltr'>civitatem</span> <span class='ocrx_word' id='word_1_530' title='bbox 1598 2828 1674 2853; x_wconf 73' lang='lat' dir='ltr'>Mun.</span> <span class='ocrx_word' id='word_1_531' title='bbox 1695 2840 1705 2845; x_wconf 90' lang='lat'>-</span> <span class='ocrx_word' id='word_1_532' title='bbox 1725 2829 1860 2860; x_wconf 77' lang='lat' dir='ltr'>apparatu</span> <span class='ocrx_word' id='word_1_533' title='bbox 1886 2827 1976 2859; x_wconf 66' lang='lat' dir='ltr'>Mun]</span> 
     </span>
     <span class='ocr_line' id='line_1_46' title="bbox 140 2866 1978 2902; baseline 0.002 -13"><span class='ocrx_word' id='word_1_534' title='bbox 140 2868 219 2890; x_wconf 85' lang='lat' dir='ltr'>aratu</span> <span class='ocrx_word' id='word_1_535' title='bbox 237 2866 261 2889; x_wconf 98' lang='lat' dir='ltr'><em>A</em></span> <span class='ocrx_word' id='word_1_536' title='bbox 281 2880 313 2884; x_wconf 89' lang='lat'><strong>—</strong></span> <span class='ocrx_word' id='word_1_537' title='bbox 336 2873 375 2891; x_wconf 87' lang='lat'>12.</span> <span class='ocrx_word' id='word_1_538' title='bbox 394 2866 483 2898; x_wconf 83' lang='lat' dir='ltr'>reddi]</span> <span class='ocrx_word' id='word_1_539' title='bbox 503 2867 618 2892; x_wconf 86' lang='lat' dir='ltr'>reddere</span> <span class='ocrx_word' id='word_1_540' title='bbox 637 2869 713 2892; x_wconf 71' lang='lat' dir='ltr'>Mun.</span> <span class='ocrx_word' id='word_1_541' title='bbox 735 2881 766 2885; x_wconf 93' lang='lat'>—-</span> <span class='ocrx_word' id='word_1_542' title='bbox 787 2875 828 2892; x_wconf 80' lang='lat'>21.</span> <span class='ocrx_word' id='word_1_543' title='bbox 848 2870 875 2892; x_wconf 87' lang='lat' dir='ltr'>et</span> <span class='ocrx_word' id='word_1_544' title='bbox 893 2876 941 2891; x_wconf 83' lang='lat' dir='ltr'>om.</span> <span class='ocrx_word' id='word_1_545' title='bbox 961 2868 1040 2892; x_wconf 73' lang='lat' dir='ltr'>Mun.</span> <span class='ocrx_word' id='word_1_546' title='bbox 1067 2882 1098 2887; x_wconf 81' lang='lat'><strong>—</strong></span> <span class='ocrx_word' id='word_1_547' title='bbox 1124 2875 1166 2900; x_wconf 76' lang='lat'>24.</span> <span class='ocrx_word' id='word_1_548' title='bbox 1190 2868 1408 2901; x_wconf 84' lang='lat' dir='ltr'>precipiensque]</span> <span class='ocrx_word' id='word_1_549' title='bbox 1429 2869 1585 2902; x_wconf 82' lang='lat' dir='ltr'>precipiens</span> <span class='ocrx_word' id='word_1_550' title='bbox 1604 2869 1679 2901; x_wconf 90' lang='lat' dir='ltr'>quod</span> <span class='ocrx_word' id='word_1_551' title='bbox 1698 2870 1722 2892; x_wconf 90' lang='lat' dir='ltr'><em>A</em></span> <span class='ocrx_word' id='word_1_552' title='bbox 1742 2882 1753 2886; x_wconf 99' lang='lat'>-</span> <span class='ocrx_word' id='word_1_553' title='bbox 1771 2869 1846 2901; x_wconf 90' lang='lat' dir='ltr'>quod</span> <span class='ocrx_word' id='word_1_554' title='bbox 1871 2870 1978 2901; x_wconf 83' lang='lat' dir='ltr'>capita-</span> 
     </span>
     <span class='ocr_line' id='line_1_47' title="bbox 141 2908 1976 2943; baseline 0.002 -12"><span class='ocrx_word' id='word_1_555' title='bbox 141 2914 207 2931; x_wconf 84' lang='lat' dir='ltr'>neus</span> <span class='ocrx_word' id='word_1_556' title='bbox 226 2909 253 2931; x_wconf 83' lang='lat' dir='ltr'>et</span> <span class='ocrx_word' id='word_1_557' title='bbox 271 2908 319 2932; x_wconf 83' lang='lat' dir='ltr'>alii</span> <span class='ocrx_word' id='word_1_558' title='bbox 337 2908 382 2932; x_wconf 89' lang='lat' dir='ltr'>sui</span> <span class='ocrx_word' id='word_1_559' title='bbox 400 2909 478 2934; x_wconf 82' lang='lat' dir='ltr'>MUR.</span> <span class='ocrx_word' id='word_1_560' title='bbox 492 2922 524 2926; x_wconf 91' lang='lat'><strong>—</strong></span> <span class='ocrx_word' id='word_1_561' title='bbox 545 2914 586 2940; x_wconf 83' lang='lat'>27.</span> <span class='ocrx_word' id='word_1_562' title='bbox 601 2910 694 2940; x_wconf 73' lang='lat' dir='ltr'>prima</span> <span class='ocrx_word' id='word_1_563' title='bbox 713 2910 743 2933; x_wconf 77' lang='lat' dir='ltr'>di</span> <span class='ocrx_word' id='word_1_564' title='bbox 760 2916 904 2933; x_wconf 80' lang='lat' dir='ltr'>remanens</span> <span class='ocrx_word' id='word_1_565' title='bbox 924 2910 1001 2934; x_wconf 75' lang='lat' dir='ltr'>Mun.</span> <span class='ocrx_word' id='word_1_566' title='bbox 1020 2918 1079 2942; x_wconf 72' lang='lat' dir='ltr'>agg.</span> <span class='ocrx_word' id='word_1_567' title='bbox 1094 2912 1120 2935; x_wconf 83' lang='lat' dir='ltr'>ct</span> <span class='ocrx_word' id='word_1_568' title='bbox 1136 2924 1166 2927; x_wconf 98' lang='lat'><strong>—</strong></span> <span class='ocrx_word' id='word_1_569' title='bbox 1188 2918 1229 2942; x_wconf 81' lang='lat'>30.</span> <span class='ocrx_word' id='word_1_570' title='bbox 1244 2911 1402 2935; x_wconf 85' lang='lat' dir='ltr'>carentibus</span> <span class='ocrx_word' id='word_1_571' title='bbox 1417 2911 1583 2935; x_wconf 80' lang='lat' dir='ltr'>victualium</span> <span class='ocrx_word' id='word_1_572' title='bbox 1602 2911 1626 2934; x_wconf 87' lang='grc' dir='ltr'><em>Α</em></span> <span class='ocrx_word' id='word_1_573' title='bbox 1640 2925 1672 2928; x_wconf 94' lang='grc'><strong>-</strong></span> <span class='ocrx_word' id='word_1_574' title='bbox 1688 2918 1728 2942; x_wconf 81' lang='lat'>31.</span> <span class='ocrx_word' id='word_1_575' title='bbox 1743 2910 1840 2943; x_wconf 84' lang='lat' dir='ltr'>dirigi]</span> <span class='ocrx_word' id='word_1_576' title='bbox 1856 2911 1976 2943; x_wconf 70' lang='lat' dir='ltr'>dirigere</span> 
     </span>
    </p>
   </div>
   <div class='ocr_carea' id='block_1_6' title="bbox 141 2949 1464 2985">
    <p class='ocr_par' dir='ltr' id='par_1_6' title="bbox 141 2949 1464 2985">
     <span class='ocr_line' id='line_1_48' title="bbox 141 2949 1464 2985; baseline 0.002 -12"><span class='ocrx_word' id='word_1_577' title='bbox 141 2949 218 2974; x_wconf 81' lang='lat' dir='ltr'>MUR.</span> <span class='ocrx_word' id='word_1_578' title='bbox 233 2962 244 2967; x_wconf 91' lang='lat'>-</span> <span class='ocrx_word' id='word_1_579' title='bbox 262 2949 296 2973; x_wconf 80' lang='lat' dir='ltr'>ad</span> <span class='ocrx_word' id='word_1_580' title='bbox 316 2950 395 2974; x_wconf 71' lang='lat' dir='ltr'>Mun.</span> <span class='ocrx_word' id='word_1_581' title='bbox 415 2958 461 2974; x_wconf 81' lang='lat' dir='ltr'>om.</span> <span class='ocrx_word' id='word_1_582' title='bbox 482 2950 506 2974; x_wconf 83' lang='lat' dir='ltr'><em>A</em></span> <span class='ocrx_word' id='word_1_583' title='bbox 526 2964 558 2968; x_wconf 78' lang='lat'>—-</span> <span class='ocrx_word' id='word_1_584' title='bbox 578 2957 620 2982; x_wconf 80' lang='lat'>32.</span> <span class='ocrx_word' id='word_1_585' title='bbox 639 2959 724 2983; x_wconf 85' lang='lat' dir='ltr'>usque</span> <span class='ocrx_word' id='word_1_586' title='bbox 743 2951 789 2982; x_wconf 89' lang='lat' dir='ltr'>ad]</span> <span class='ocrx_word' id='word_1_587' title='bbox 809 2959 892 2983; x_wconf 86' lang='lat' dir='ltr'>usque</span> <span class='ocrx_word' id='word_1_588' title='bbox 912 2952 989 2977; x_wconf 74' lang='lat' dir='ltr'>Mun.</span> <span class='ocrx_word' id='word_1_589' title='bbox 1004 2965 1036 2970; x_wconf 76' lang='lat'>—</span> <span class='ocrx_word' id='word_1_590' title='bbox 1056 2958 1097 2985; x_wconf 84' lang='lat'>39.</span> <span class='ocrx_word' id='word_1_591' title='bbox 1117 2951 1317 2985; x_wconf 82' lang='lat' dir='ltr'>sclopetorum]</span> <span class='ocrx_word' id='word_1_592' title='bbox 1337 2953 1421 2985; x_wconf 72' lang='lat' dir='ltr'>sclo&#39;p.</span> <span class='ocrx_word' id='word_1_593' title='bbox 1440 2953 1464 2976; x_wconf 93' lang='lat' dir='ltr'><em>A</em></span> 
     </span>
    </p>
   </div>
  </div>
 </body>
</html>
