2360 3603
206 1455 227 1469 c.
245 1450 303 1468 :0621

214 2190 290 2213 Mun..
307 2196 344 2213 4²5

386 257 454 291 134
1008 257 1317 291 CHRONICON
1344 257 1573 291 ESTENSE
2038 264 2089 296 [A.
2110 266 2202 298 1345]

381 397 436 417 sus
460 393 524 423 est:
551 392 584 418 et
607 387 715 418 statim
736 387 935 418 convocavit
953 387 996 417 ad
1020 396 1067 423 se,
1085 392 1117 418 et
1142 387 1325 418 convocari
1344 387 1425 418 fecit
1441 397 1558 418 omnes
1580 397 1657 418 suos
1680 387 1836 424 barones,
1853 387 1974 428 quibus
1991 388 2101 419 omnia
2124 399 2203 419 ena-

380 439 483 475 ravit3
509 438 633 470 deinde
657 439 766 470 induit
789 449 824 470 se
849 439 960 470 dictus
982 449 1055 475 rex,
1087 445 1120 469 et
1151 438 1247 469 indui
1278 439 1361 470 fecit
1387 439 1481 476 alios,
1506 439 1654 470 vestibus
1681 439 1797 482 nigris,
1824 445 1857 470 et
1881 440 1954 471 fieri
1978 440 2064 471 fecit
2088 450 2205 482 quam-

381 491 458 522 dam
483 491 679 523 banderiam
703 498 806 523 totam
830 492 963 533 nigram
989 502 1064 522 cum
1089 502 1175 522 enxe
1200 497 1361 533 argentea
1385 491 1418 521 in
1441 492 1566 529 medio,
1584 498 1617 524 et
1635 492 1852 534 [a]liqualiter
1868 493 1984 524 colore
2001 493 2203 535 sanguinem

382 549 414 574 et
437 545 486 575 sic
510 550 766 585 permanserunt
790 554 851 585 per
869 550 947 575 octo
965 544 1095 574 dierum
1113 544 1267 585 spatium.
1312 543 1448 575 Deinde
1480 543 1626 587 quadarn
1650 543 1705 575 die
1729 543 1898 575 dominico
1922 555 2038 576 omnes
2062 545 2206 577 barones

385 596 520 628 iverunt
545 598 679 628 domum
705 597 788 628 dicti
812 597 911 639 regis,
937 603 969 628 et
994 607 1071 628 cum
1096 607 1136 628 eo
1161 597 1295 628 iverunt
1318 598 1362 628 ad
1394 596 1626 638 episcopatum
1650 608 1756 634 suum,
1780 596 1837 628 ubi
1861 607 1962 638 super
1986 598 2091 630 altare
2115 598 2205 629 iura·
2253 597 2269 629 5

381 655 501 680 verunt
525 659 641 680 omnes
664 649 848 680 vindictam
873 660 1038 680 summere
1063 649 1106 680 de
1131 656 1238 681 morte
1256 649 1340 681 dicti
1365 649 1454 691 regis
1474 649 1668 680 Andriaxii:
1693 659 1760 691 quo
1785 650 2124 692 facto‚·reliquerunt
2147 662 2207 682 ve-

380 701 540 732 stimenta
565 701 718 739 obscura,
743 702 994 743 indueruntque
1018 712 1053 733 se
1076 702 1199 743 pannis
1222 702 1386 733 scarlatis.
1433 701 1514 733 Alio
1539 702 1595 734 die
1627 713 1687 733 rex
1719 712 1794 733 cum
1827 702 1896 733 suis
1919 703 2058 735 recessit
2089 703 2130 735 de
2158 703 2206 734 ci-

382 754 487 785 vitate
512 754 625 791 Bude;
650 755 778 796 ivitque
803 755 846 786 ad
869 755 1116 796 parlamentum
1141 765 1217 786 cum
1241 755 1378 786 domino
1409 755 1614 796 imperatore
1646 755 1812 797 Ludoyco
1846 755 1887 786 de
1915 754 2094 798 Bayveria‚
2127 767 2205 788 cum

383 807 469 837 duce
494 805 641 850 Austrye
668 813 702 839 et
732 807 843 839 multis
876 808 949 839 aliis
979 808 1149 839 nobilibus
1181 808 1224 838 de
1256 807 1447 845 Alemania,
1480 807 1539 849 qui
1571 818 1688 838 omnes
1719 808 1923 839 unanimiter
1953 808 2026 851 regi
2053 809 2206 850 Ungarie

383 859 609 899 promiserunt
633 860 793 891 auxilium
817 859 1016 901 impendere
1034 861 1175 892 viriliter
1193 860 1236 891 ad
1254 860 1438 891 vindictam
1455 861 1651 891 sumendam
1669 860 1712 891 de
1729 866 1836 892 morte
1861 861 1975 892 fratris
1998 861 2061 892 sui.
2107 862 2206 893 Tunc
2235 862 2272 892 10

382 921 536 942 reversus
560 918 609 943 est
634 913 805 944 civitatem
830 923 934 951 suam,
959 913 1074 956 ibique
1099 913 1323 955 congregavit
1346 913 1466 944 multas
1482 919 1602 955 gentes
1626 913 1812 956 armigeras
1836 924 1912 945 cum
1935 913 2110 945 ordinibus
2133 914 2209 955 pul—

384 964 529 1001 cerimis,
553 975 655 996 causa
678 965 781 996 eundi
804 966 837 996 in
861 965 1032 1007 Apuliam.
1078 966 1216 997 Interim
1249 966 1333 997 alius
1363 965 1492 997 accidit
1525 976 1632 1003 casm,
1657 966 1750 1007 quod
1783 966 1902 997 civitas
1925 967 2013 1011 Care
2044 966 2210 998 rebellata

384 1023 434 1048 est
457 1017 613 1049 manibus
637 1017 856 1050 Venetorum.
903 1019 1004 1050 Tunc
1040 1029 1182 1051 comune
1219 1019 1429 1050 Venetorum
1461 1018 1588 1050 direxit
1619 1019 1667 1050 ibi
1702 1019 1883 1050 maximum
1919 1019 2103 1051 exercitum
2129 1030 2205 1051 cum

385 1070 602 1101 furnimentis
626 1070 780 1102 omnibus
804 1072 1005 1103 necessariis
1029 1072 1073 1103 ad
1096 1072 1292 1103 exercitum.
1339 1071 1442 1103 Cives
1466 1072 1555 1116 Care
1580 1071 1627 1102 sic
1651 1071 1816 1108 videntes,
1840 1071 2088 1113 subposuerunt
2116 1083 2152 1103 se
2177 1078 2211 1104 et

386 1122 556 1154 civitatem
580 1123 730 1156 dominio
757 1124 839 1155 dicti
862 1125 952 1167 regis
975 1124 1143 1167 Ungarie:
1169 1124 1260 1166 quod
1285 1125 1431 1156 sentiens
1462 1125 1575 1156 dictus
1606 1134 1676 1162 rex,
1707 1124 1832 1156 relictis
1863 1124 2030 1163 omnibus,
2061 1125 2210 1156 adcessit
2237 1124 2274 1156 15

386 1184 461 1205 cum
485 1175 554 1206 suis
577 1176 611 1206 in
635 1176 819 1208 subsidium
843 1177 934 1209 dicte
959 1178 1114 1215 civitatis,
1139 1177 1254 1219 ibique
1272 1183 1435 1209 steterunt
1452 1188 1511 1218 per
1528 1177 1648 1208 multas
1671 1177 1790 1214 dietas,
1815 1183 1990 1218 sperantes
2013 1178 2139 1209 habere
2164 1178 2211 1208 ci-

387 1227 542 1265 vitatem;
567 1235 681 1260 tamen
704 1236 824 1272 gentes
848 1232 999 1262 comunis
1023 1231 1233 1262 Venetorum
1267 1230 1483 1262 obtinuerunt
1515 1230 1705 1261 civitatem:
1730 1240 1834 1272 quare
1861 1240 1922 1261 rex
1945 1241 2021 1262 cum
2045 1231 2112 1262 suis
2136 1241 2212 1262 cum

387 1280 521 1312 modico
545 1282 675 1313 honore
698 1283 838 1314 recessit
862 1283 906 1315 ad
930 1284 1074 1325 patriam
1099 1283 1280 1325 propriam.

474 1335 607 1366 Eodem
631 1335 808 1367 millesimo
841 1336 883 1368 de
914 1347 1031 1368 mense
1056 1337 1216 1368 octubris.
1248 1337 1413 1368 Dominus
1442 1337 1645 1379 Dalphynus
1677 1337 1719 1368 de
1744 1336 1903 1368 Vienna¹
1929 1347 2004 1368 cum
2027 1346 2133 1368 uxore
2155 1348 2215 1368 sua

386 1387 521 1428 suisque
544 1387 701 1429 gentibus
724 1395 954 1429 pervenerunt
978 1389 1149 1420 civitatem
1176 1389 1342 1427 Bononie‚
1373 1388 1430 1420 ubi
1454 1395 1618 1420 steterunt
1641 1399 1701 1430 per
1723 1389 1838 1430 plures
1861 1389 1968 1420 dietas
1991 1395 2132 1431 propter
2162 1390 2213 1420 in·
2237 1390 2278 1421 20

387 1439 585 1478 firmitatem,
608 1440 643 1470 in
667 1451 733 1482 qua
756 1441 887 1472 occurit
909 1452 993 1473 uxor
1015 1441 1158 1482 predicti
1184 1442 1378 1484 Dalphyny.
1421 1441 1464 1472 Et
1481 1442 1516 1472 in
1539 1441 1605 1472 illis
1629 1440 1748 1472 diebus
1771 1441 1883 1472 dictus
1905 1441 2122 1484 Dalphynus'
2155 1442 2215 1473 de-

387 1492 519 1522 coravit
541 1492 662 1523 militia
685 1493 779 1530 duos,
797 1494 931 1526 scilicet
955 1495 1128 1526 dominum
1143 1494 1310 1536 Jacobum
1328 1500 1361 1526 et
1379 1494 1553 1526 dominum
1569 1494 1760 1536 Johannem
1785 1494 1908 1525 fratres
1925 1501 1958 1525 et
1978 1494 2064 1525 filios
2088 1494 2215 1526 domini

387 1545 509 1587 Tadey
542 1546 584 1576 de
617 1545 754 1587 Pepulis
777 1545 905 1578 domini
929 1547 1101 1583 Bononie3
1127 1547 1188 1588 ipsi
1221 1557 1302 1579 vero
1326 1553 1445 1588 postea
1468 1548 1717 1579 decoraverunt
1747 1557 1822 1578 xxn
1847 1547 1976 1585 militia,
2009 1553 2041 1578 et
2071 1547 2215 1579 maxima

392 1597 485 1628 curia
507 1597 634 1629 ibidem
658 1599 750 1630 facta
774 1605 834 1630 est.

476 1650 607 1681 Eodem
631 1651 818 1690 millesimo,
844 1652 898 1684 die
923 1653 1082 1685 mercurii
1094 1653 1116 1691 ²,
1134 1663 1181 1684 xv
1197 1653 1322 1685 mensis
1338 1654 1496 1690 octubris,
1515 1654 1557 1684 de
1581 1659 1692 1685 nocte.
1719 1653 1848 1686 Gentes
1864 1653 1993 1685 domini
2009 1653 2148 1685 Mastini
2171 1652 2214 1685 de
2239 1652 2280 1685 25

389 1703 422 1734 la
446 1703 557 1740 Scala,
582 1703 639 1745 qui
661 1703 695 1734 in
720 1705 855 1736 servitio
880 1705 1010 1737 domini
1032 1706 1240 1737 marchionis
1256 1705 1417 1748 Obiconis
1440 1712 1537 1738 erant
1560 1706 1595 1736 in
1620 1706 1773 1737 exercitu
1791 1706 1881 1737 circa
1906 1705 2076 1737 civitatem
2101 1706 2215 1749 Regii,

389 1756 525 1786 omnino
549 1756 729 1788 voluerunt
751 1757 916 1789 recedere
940 1759 983 1790 de
1007 1759 1099 1790 dicto
1117 1759 1287 1790 exercitu:
1314 1769 1379 1800 qua
1403 1757 1446 1789 de
1471 1769 1573 1790 causa
1596 1759 1661 1790 alie
1686 1765 1804 1801 gentes
1827 1759 1961 1800 pedites
1985 1765 2018 1790 et
2042 1764 2218 1800 equestres

389 1809 517 1840 domini
540 1809 753 1841 Marchionis
775 1810 902 1843 ibidem
927 1811 1111 1843 existentes
1134 1811 1234 1843 etiam
1251 1818 1483 1848 recesserunt3
1510 1818 1543 1843 et
1559 1822 1675 1843 omnes
1699 1811 1859 1850 bastilias,
1885 1822 1968 1853 quas
1991 1811 2038 1843 ibi
2062 1817 2218 1843 constru-

389 1867 520 1898 xerant,
547 1861 813 1901 comburserunt‚
839 1869 873 1894 et
896 1864 1073 1896 redierunt
1096 1864 1267 1896 Mutinam
1292 1865 1465 1896 civitatem
1490 1864 1575 1896 dicti
1600 1864 1729 1896 domini
1753 1864 1975 1896 Marchionis.

476 1915 607 1946 Eodem
630 1916 809 1947 millesimo
835 1923 868 1948 et
884 1927 1009 1948 mense.
1035 1918 1199 1949 Dominus
1222 1917 1424 1960 Dalphynus
1447 1917 1625 1959 predictus
1649 1928 1724 1949 cum
1748 1928 1854 1949 uxore
1886 1928 1946 1948 sua
1977 1917 2218 1959 applicuerunt
2242 1918 2283 1950 30

390 1968 579 1998 Ferrariam
605 1978 680 1999 cum
696 1969 843 2000 maxima
866 1970 1054 2011 quantitate
1070 1970 1213 2002 militum
1229 1976 1262 2002 et
1277 1971 1441 2011 peditum,
1457 1971 1514 2012 qui
1531 1971 1758 2012 sequebantur
1775 1980 1850 2001 eum
1875 1971 1962 2001 ultra
1985 1981 2078 2002 mare
2102 1976 2220 2002 contra

391 2021 561 2057 iufideles;
587 2031 671 2062 quos
694 2032 811 2053 omues
835 2023 990 2055 dominus
1014 2024 1165 2055 marchio
1183 2023 1294 2065 Obico
1310 2024 1490 2055 honoravit
1507 2024 1657 2061 multum,
1675 2029 1707 2055 et
1723 2023 1916 2064 prexentari
1934 2023 2018 2055 fecit
2036 2023 2219 2066 Dalphyno

391 2080 459 2105 tres
483 2074 647 2105 desterios
672 2075 875 2116 cohopertos
898 2076 1070 2114 scarlatto‚
1094 2082 1128 2107 et
1151 2076 1248 2107 uxori
1280 2076 1353 2107 eius
1384 2087 1486 2107 unum
1509 2076 1710 2108 tabulerium
1742 2076 1874 2117 argenti
1903 2076 2057 2107 deaurati
2090 2082 2124 2107 et
2155 2076 2219 2108 cri-

391 2127 491 2165 stalli,
517 2133 549 2158 et
579 2127 665 2158 duos
695 2128 891 2160 tamarixios
915 2128 1056 2160 cristalli
1082 2130 1219 2161 fulcitos
1242 2136 1384 2172 argento
1413 2136 1447 2161 et
1471 2140 1563 2166 auro,
1597 2136 1630 2160 et
1660 2130 1727 2161 alia
1758 2129 1981 2160 honorabilia.
2027 2128 2105 2161 Alio
2136 2139 2218 2161 vero

394 2180 448 2211 die
472 2186 683 2211 recesserunt
707 2181 749 2211 de
780 2181 957 2218 Ferraria‚'
989 2183 1190 2224 {veruntque
1222 2183 1249 2214 F
1252 2183 1463 2214 rancolinum
1494 2183 1652 2214 associati
1676 2194 1695 2214 a
1719 2182 1813 2214 dicto
1845 2182 1982 2214 domino
2006 2183 2219 2220 Marchione,
2244 2182 2284 2215 35

392 2239 426 2264 et
449 2233 659 2264 intraverunt
683 2244 796 2270 naves,
821 2244 886 2276 que
911 2235 961 2266 ibi
985 2241 1090 2267 erant.
1136 2236 1301 2267 Dominus
1324 2236 1483 2267 Marchio
1507 2235 1600 2266 mixit
1625 2246 1701 2266 cum
1728 2236 1796 2266 illis
1819 2246 1914 2267 suum
1940 2236 2162 2267 camerarium
2187 2241 2221 2267 et

393 2285 546 2318 omnibus
570 2286 643 2317 fieri
667 2287 752 2319 fecit
776 2298 943 2328 expensas
958 2298 1019 2329 per
1036 2294 1143 2320 totum
1161 2289 1350 2320 districtum
1376 2289 1464 2326 eius3
1489 2295 1610 2330 postea
1632 2289 1766 2320 iverunt
1789 2299 1906 2320 versus
1930 2289 2104 2320 venetias.
2149 2289 2220 2320 Do-

392 2339 502 2370 minus
527 2338 684 2371 Marchio
710 2349 786 2371 cum
818 2341 958 2372 domino
989 2341 1146 2383 Johanne
1172 2342 1215 2374 de
1248 2342 1400 2384 Pepulis‚
1429 2342 1565 2373 domino
1598 2341 1789 2379 Malatesta,
1822 2340 1958 2373 domino
1990 2341 2152 2373 Hostaxio
2187 2347 2221 2373 et

393 2391 466 2422 aliis
490 2392 663 2423 redierunt
687 2393 887 2424 Ferrariam.

481 2445 613 2476 Eodem
637 2445 818 2477 millesimo
844 2452 877 2477 et
899 2456 1014 2478 mense
1027 2446 1048 2479 ³.
1081 2448 1205 2479 Comes
1228 2446 1381 2480 Analdi⁴
1404 2453 1555 2480 mortuus
1582 2448 1647 2479 fuit
1670 2448 1703 2479 in
1726 2447 1906 2489 provincia
1922 2449 1949 2479 F
1952 2448 2048 2490 ryxie
2064 2458 2084 2478 a
2100 2447 2220 2479 Frixo-
2245 2448 2285 2478 40

395 2497 503 2528 nibus.

479 2550 610 2582 Eodem
634 2551 823 2590 millesimo,
847 2551 902 2583 die
928 2562 1057 2584 xxvmi
1083 2553 1243 2585 octubris.
1269 2554 1396 2586 Gentes
1412 2554 1580 2586 exercitus
1605 2554 1733 2586 domini
1754 2553 1959 2584 marchionis
1983 2552 2146 2595 Obiconis
2167 2563 2221 2584 re-

484 2709 507 2732 3.
527 2703 657 2733 argenteo
677 2709 742 2726 corr.
763 2703 839 2726 Mun.
859 2715 870 2720 -
888 2703 1026 2734 liqualiter
1044 2712 1091 2728 om.
1113 2704 1191 2729 Μυκ.
1211 2718 1243 2722 -
1266 2711 1304 2729 12.
1324 2705 1430 2736 Apulia
1449 2705 1507 2728 AB
1527 2718 1558 2723 -
1582 2705 1620 2729 18.
1640 2703 1759 2736 honore]
1778 2704 1896 2727 honoris
1915 2704 1974 2727 AB
1993 2717 2025 2721 »-
2045 2710 2086 2727 21.
2111 2703 2141 2726 in
2166 2710 2220 2734 qua

395 2743 501 2765 occurit
525 2741 606 2773 uxor]
627 2750 679 2774 que
698 2743 802 2767 accidit
821 2745 902 2767 uxori
922 2745 997 2769 Mun.
1018 2760 1049 2762 ff
1070 2753 1111 2770 22.
1132 2746 1194 2780 duod
1207 2747 1230 2769 A
1242 2746 1267 2768 B
1287 2761 1317 2764 -
1339 2753 1380 2777 23·
1399 2748 1461 2777 dopo
1481 2753 1547 2770 vero
1565 2747 1594 2769 in
1613 2746 1636 2769 Α
1657 2746 1690 2769 de
1709 2745 1847 2768 cancellato
1865 2752 1910 2768 con
1931 2753 1967 2768 un
1981 2746 2038 2776 rzgro
2052 2758 2083 2761 —
2099 2751 2140 2776 30·
2161 2745 2220 2768 mil-

396 2784 492 2807 lesimo
517 2786 544 2808 et
563 2792 609 2808 om.
630 2785 706 2809 Mna.
727 2798 758 2801 —-
780 2792 821 2817 34.
846 2793 914 2810 auro
939 2794 997 2818 agg.
1023 2788 1227 2811 sull'intcrlineo
1247 2789 1275 2810 in
1294 2788 1317 2811 A
1336 2788 1404 2811 dallo
1429 2791 1502 2811 stesso
1521 2789 1616 2818 copista
1642 2800 1673 2804 —-
1699 2794 1741 2818 39.
1767 2787 1816 2810 alii
1842 2786 1921 2811 Mun.
1946 2800 1977 2803 ——
2004 2793 2046 2818 40.
2071 2786 2220 2810 millesimo

397 2827 424 2849 et
442 2833 489 2849 om.
510 2826 588 2850 Mun.

484 2929 492 2946 ¹
512 2931 643 2956 Umber-to
663 2933 675 2956 I
695 2933 722 2956 di
744 2934 879 2958 viannois
894 2935 939 2958 nel
954 2935 1102 2965 Delfinato,
1118 2936 1231 2959 inviato
1246 2937 1281 2960 da
1425 2937 1436 2951 ²³
1456 2936 1624 2960 Veramente
1643 2933 1715 2958 mori
1734 2934 1752 2958 il
1774 2940 1803 2964 25
1825 2942 1841 2957 0
1863 2933 1894 2957 26
1914 2934 2073 2958 settembre.

398 2972 542 2997 Clemente
560 2974 597 2997 Vt
618 2981 665 3005 per
684 2975 811 3005 generale
831 2975 861 2999 di
881 2984 918 2999 un
938 2977 1056 3001 eser-cito
1077 2978 1106 3001 di
1126 2978 1262 3002 Crociati.
1425 2978 1435 2994 ⁴
1456 2978 1546 3002 Conte
1567 2977 1595 3000 di
1615 2977 1739 3000 Hainaut
1757 2983 1872 3000 suocero
1891 2975 1935 2999 del
1961 2983 1989 2999 re
2017 2974 2223 3006 d’Inghilterrn,

485 3013 494 3029 ²
514 3014 535 3038 Il
559 3020 587 3046 ις
609 3016 718 3040 ottobre
741 3023 803 3048 1345
825 3018 910 3041 cadde
932 3020 960 3042 in
981 3019 1086 3042 sabato.
1338 3021 1430 3042 morto
1450 3020 1479 3042 in
1501 3019 1601 3049 Frlsia,
1621 3017 1681 3042 cioe
1702 3017 1747 3041 nei
1768 3018 1848 3041 l’aesi
1869 3017 1955 3040 Bassi.
2254 3022 2286 3039 10
