2360 3603
188 645 259 665 Mun,
278 644 315 661 410

395 229 407 263 1
421 230 432 263 l
444 228 462 262 8
1017 215 1327 252 CHRONICON
1354 212 1585 248 ESTENSE
2063 214 2101 240 A.
2123 216 2221 256 1343]

387 374 477 399 ratus
503 372 552 397 est
574 375 635 406 per
659 361 798 403 aliquod
824 359 905 391 dies.
951 355 1086 387 Deinde
1110 364 1179 385 una
1204 363 1281 384 cum
1305 351 1443 383 domino
1467 349 1592 391 Brucio
1609 355 1855 387 reccesserunt‚
1885 354 1918 380 et
1942 348 1989 380 sic
2014 348 2147 380 insimul
2169 359 2223 380 re-

388 421 523 452 dierunt
546 427 652 459 usque
676 415 861 448 Veronam,
886 410 919 440 in
943 418 1010 450 qua
1034 407 1188 438 dominus
1212 404 1380 436 Mastinus
1405 414 1482 435 cum
1507 402 1598 433 omni
1615 412 1713 442 posse
1731 407 1765 433 et
1781 402 2058 443 magnanimitate
2076 402 2223 432 honora-

387 473 434 504 vit
458 471 630 503 dominum
653 466 822 509 Erucium.

474 523 606 554 Eodem
630 518 819 555 millesimo,
845 515 898 546 die
924 514 1002 544 lune
1027 512 1145 543 ultimo
1168 510 1262 552 junii.
1288 510 1461 551 Johannes
1483 508 1572 538 filius
1595 506 1724 538 domini
1747 506 1858 538 Tadei
1883 506 1926 537 de
1951 506 2090 547 Pepulis
2114 506 2222 537 domi-

388 588 450 609 nus
473 574 627 607 Bononie
650 570 744 603 venit
768 568 811 599 ad
835 567 1082 608 parlamentum
1115 574 1192 595 cum
1225 562 1363 594 domino
1397 560 1593 591 marchione
1621 559 1775 601 Obicone
1806 559 1852 590 ad
1883 559 2052 590 civitatem
2080 558 2224 595 Mutine,

391 630 504 671 ibique
529 626 620 658 stetit
642 620 724 665 per'
749 627 817 652 tres
841 618 959 649 dietas.

473 680 603 711 Eodem
626 674 815 710 millesimo,
840 671 897 703 die
922 678 984 700 xx1
1009 668 1093 711 julii.
1118 666 1283 698 Dominus
1306 665 1489 697 Bertoldus
1512 663 1664 695 marchio
1697 663 1838 694 estensis
1862 663 1947 694 obiit
1970 663 2001 694 in
2030 663 2170 694 Feraria
2193 669 2227 694 et

386 736 451 767 fuit
475 732 624 774 sepultus
648 728 691 760 ad
714 727 828 757 locum
852 723 998 754 fratrum
1022 719 1282 751 Predicatorum
1299 719 1343 749 de
1359 717 1515 748 Ferraria
1533 715 1731 752 honorifice,
1748 715 1807 746 ubi
1824 715 1962 746 fuerunt
1987 725 2057 746 cxx
2080 715 2226 756 duplerii

387 784 613 820 honorabiles,
639 791 715 812 cum
739 775 936 818 copertorio
961 779 994 804 et
1017 772 1093 803 aliis
1117 770 1325 802 ornamentis
1349 768 1548 811 magnificis,
1573 778 1650 799 cum
1674 778 1710 798 VI
1736 768 1832 809 equis
1855 767 2050 808 cohopertis
2074 779 2150 799 cum
2176 778 2228 798 ar-

388 841 452 871 mis
474 838 593 870 domus
616 831 778 865 Estensis.

474 891 603 922 Eodem
627 884 816 919 millesimo,
842 881 897 913 die
921 879 1029 910 sabati
1054 887 1140 908 XXVI
1165 876 1288 907 mensis
1311 874 1395 918 julii,
1413 874 1507 906 circa
1524 874 1640 905 horam
1659 882 1793 905 nonam.
1840 872 1973 904 Rumor
1989 873 2103 914 populi
2122 873 2228 905 maxi-

386 956 458 976 mus
483 943 633 975 elevatus
657 942 708 969 est
731 937 763 966 in
790 933 926 966 civitate
951 931 1137 967 Florentie‚
1163 939 1268 971 quare
1293 938 1411 959 omnes
1442 927 1536 958 cives
1559 932 1627 957 tam
1659 925 1809 957 nobiles'
1843 935 1943 966 quam
1972 926 2030 956 alii
2061 927 2104 957 ad
2136 936 2227 956 arma

389 1002 563 1030 currentes
592 996 713 1023 contra
743 987 833 1019 etin
858 984 1125 1017 destructionem
1158 982 1254 1013 ducis
1284 980 1499 1011 Athenarum
1529 978 1702 1021 generalis
1727 985 1760 1008 et
1783 978 1997 1019 perfidissimi
2028 978 2158 1010 domini
2181 980 2229 1009 ci-

387 1049 499 1082 vitatis
522 1043 696 1078 Florentie
723 1041 864 1080 eiusque
891 1036 1065 1069 districtus
1080 1034 1100 1066 ¹.
1147 1034 1250 1065 Cives
1275 1039 1308 1064 et
1330 1032 1476 1073 populus
1498 1030 1703 1062 unanimiter
1727 1030 1934 1061 accedentes
1956 1030 2102 1070 plateam
2120 1031 2228 1062 domi-

388 1111 507 1134 norum
542 1098 708 1131 Priorum,
744 1092 802 1124 ubi
837 1096 917 1121 tunc
951 1095 1022 1119 erat
1053 1087 1219 1118 habitatio
1252 1085 1334 1117 dicti
1365 1083 1561 1125 nequissimi
1591 1083 1710 1119 Ducis,
1741 1083 1777 1113 in
1808 1082 1946 1123 palatio,
1977 1082 2012 1112 in
2043 1092 2110 1124 quo
2142 1083 2230 1114 Soliti

387 1160 482 1187 erant
505 1149 629 1182 morari
654 1145 781 1178 domini
804 1143 950 1179 Priores,
975 1141 1175 1171 invenerunt
1200 1139 1331 1169 Ducem
1355 1147 1433 1168 cum
1457 1136 1526 1167 suis
1548 1145 1651 1176 super
1674 1136 1800 1166 dictam
1820 1134 1969 1175 plateam
1986 1134 2172 1172 armat0523
2198 1143 2231 1167 et

390 1213 508 1239 contra
531 1201 694 1246 populum
718 1197 843 1229 bellum
867 1195 1051 1226 maximum
1075 1192 1332 1227 commiserunt3
1358 1196 1471 1220 tamen
1495 1188 1642 1229 populus
1665 1197 1828 1228 superans
1859 1187 1935 1219 illos
1966 1187 2120 1225 doloxos,
2147 1189 2231 1219 mul-

389 1268 442 1292 tos
466 1270 508 1290 ex
533 1257 580 1288 eis
604 1253 812 1287 occiderunt,
837 1248 923 1279 alios
947 1256 1028 1277 vero
1052 1245 1087 1276 in
1111 1246 1228 1287 fugam
1252 1248 1428 1274 verterunt
1451 1251 1558 1283 usque
1583 1248 1700 1282 portas
1724 1240 1806 1271 dicti
1830 1240 1956 1281 palatii,
1980 1240 2013 1270 in
2039 1251 2106 1281 quo
2140 1241 2231 1273 cives

392 1312 598 1346 obsederunt
622 1316 698 1337 eum
723 1313 784 1345 per
808 1300 953 1342 spatium
980 1308 1027 1329 xv
1052 1298 1193 1329 dierum.
1241 1296 1307 1327 Die
1332 1305 1394 1326 XVI
1418 1294 1561 1337 augusti,
1587 1303 1705 1324 omnes
1728 1293 1910 1324 existentes
1934 1292 1966 1323 in
1987 1292 2080 1324 dicto
2104 1293 2232 1334 palatio

390 1371 529 1407 propter
546 1359 709 1404 quasdam
733 1352 1012 1388 convenctiones‚
1030 1351 1132 1382 salvis
1156 1348 1321 1391 personis,
1344 1352 1558 1379 recesserunt
1583 1346 1626 1376 de
1650 1345 1744 1376 dicto
1767 1345 1905 1386 palatio,
1923 1351 2068 1386 excepto
2093 1345 2232 1377 domino

390 1419 497 1450 Duce.
543 1412 680 1445 Deinde
705 1409 760 1440 die
801 1416 877 1437 xvn
902 1405 984 1436 dicti
1009 1404 1144 1439 mensis,
1168 1407 1335 1433 nocturno
1359 1406 1524 1440 tempore,
1557 1397 1618 1429 sub
1649 1398 1797 1439 quadam
1828 1397 1950 1429 fraude
1982 1398 2128 1429 rumoris
2151 1403 2231 1429 tunc

391 1471 484 1508 facti,
502 1467 605 1509 aliqui
624 1463 756 1496 nobiles
779 1460 870 1492 dicte
890 1458 1037 1489 civitatis
1053 1456 1189 1493 furtive,
1207 1452 1452 1496 transfiguratis
1468 1452 1630 1488 vestibus,
1648 1456 1861 1482 extraserunt
1885 1461 1962 1482 eum
1987 1451 2030 1482 de
2054 1451 2148 1482 dicto
2171 1461 2232 1493 pa-

390 1525 489 1556 latio:
516 1528 548 1552 et
571 1530 632 1561 per
655 1517 726 1548 vias
743 1520 923 1546 extraneas
946 1511 991 1542 ad
1016 1509 1201 1546 civitatem,
1226 1517 1285 1539 seu
1308 1512 1423 1548 partes
1447 1504 1690 1542 Romandiole‚
1715 1503 1907 1535 conductus
1932 1510 1982 1535 est

478 1575 610 1607 Eodem
635 1567 825 1603 millesimo,
850 1565 906 1597 die
930 1561 1115 1593 mercurii³
1141 1570 1230 1591 xvm
1255 1559 1379 1591 mensis
1403 1557 1546 1600 augusti.
1571 1556 1790 1588 Honorabilis
1813 1557 1969 1588 dominus
1986 1556 2141 1588 dominus
2158 1558 2234 1588 Ma-

391 1631 496 1661 stinus
520 1628 562 1659 de
586 1625 619 1656 la
643 1622 755 1659 Scala,
780 1618 937 1651 dominus
968 1615 1107 1647 Tadeus
1139 1615 1182 1645 de
1212 1612 1353 1654 Pepulis
1385 1616 1551 1642 venerunt
1582 1609 1772 1640 Ferrariam
1805 1608 1849 1639 ad
1879 1608 2125 1650 parlamentum
2157 1619 2233 1640 cum

392 1683 530 1714 domino
555 1677 708 1719 Obicone
733 1672 931 1704 marchione
955 1675 1099 1706 estense,
1124 1677 1144 1697 a
1168 1676 1234 1708 quo
1258 1668 1370 1696 honor
1393 1664 1601 1695 conveniens
1624 1663 1737 1693 factus
1761 1668 1811 1692 est
1835 1663 1893 1693 eis.

482 1733 612 1765 Eodem
640 1726 817 1759 millesimo
843 1730 877 1755 et
900 1731 1026 1753 mense.
1059 1720 1225 1752 Dominus
1256 1718 1422 1750 Mastinus
1454 1718 1497 1748 de
1529 1717 1563 1746 la
1594 1716 1695 1747 Scala
1725 1714 1868 1746 recessit
1890 1725 1958 1745 una
1990 1725 2066 1745 cum
2097 1714 2234 1747 domino

393 1787 558 1820 Niccolao
582 1780 778 1814 marchione
803 1782 938 1808 estense
961 1774 1005 1805 de
1030 1773 1198 1810 Ferraria,
1224 1777 1341 1803 euntes
1364 1771 1391 1801 F
1394 1769 1560 1813 igarolum
1591 1769 1634 1800 ad
1657 1768 1849 1809 prandium,
1878 1768 1923 1799 ad
1949 1767 2131 1808 hospitium
2155 1777 2236 1799 vero

394 1847 542 1873 castrum
565 1834 724 1869 Hostilie:
751 1831 818 1863 alio
843 1830 899 1862 die
924 1829 968 1859 ad
992 1827 1140 1858 Insulam
1164 1827 1209 1858 de
1234 1826 1265 1856 la
1289 1824 1390 1857 Scala
1413 1824 1448 1854 in
1471 1822 1627 1864 prandio,
1652 1822 1696 1852 ad
1720 1821 1880 1861 ospitium
1902 1831 1983 1852 vero
2009 1820 2191 1852 Veronam.

482 1893 614 1924 Eodem
638 1886 815 1919 millesimo
840 1890 874 1914 et
896 1892 1024 1913 mense.
1048 1880 1215 1912 Dominus
1238 1878 1405 1910 Mastinus
1429 1877 1523 1908 dela
1539 1875 1642 1908 Scala
1666 1885 1742 1906 cum
1767 1874 1904 1906 domino
1928 1874 2128 1904 marchione
2152 1873 2236 1905 Nic-

395 1948 491 1980 colao
515 1943 717 1977 recedentes
741 1939 784 1970 de
809 1937 948 1969 civitate
973 1935 1121 1973 Verone,
1145 1934 1280 1964 iverunt
1302 1931 1481 1973 prandium
1507 1931 1551 1961 ad
1575 1935 1698 1960 terram
1721 1927 1999 1959 Ville-franche⁴
2023 1927 2057 1957 in
2082 1927 2236 1958 districtu

393 2001 543 2037 Vemne,
566 1997 625 2028 ubi
649 1993 744 2026 venit
767 1991 867 2023 etiam
891 1989 1048 2020 dominus
1073 1987 1187 2019 Guido
1220 1987 1263 2018 de
1297 1987 1472 2028 Goncaga,
1505 1983 1660 2014 dominus
1690 1981 1832 2023 Brucius
1863 1980 1951 2012 filius
1978 1980 2142 2011 naturalis
2174 1980 2236 2011 do-

396 2053 476 2084 mini
499 2048 646 2083 Luchini
670 2044 892 2079 Vicecomitis
915 2044 959 2075 ad
982 2042 1229 2084 parlamentum
1254 2049 1330 2070 cum
1355 2038 1492 2070 domino
1509 2036 1658 2068 Mastino
1683 2041 1716 2066 et
1739 2034 1906 2066 Niccolao
1922 2032 2098 2075 predictis,
2122 2042 2236 2064 omnes

396 2104 529 2137 insimul
553 2104 587 2133 in
611 2100 772 2143 prandi03
798 2104 849 2129 set
872 2097 908 2127 in
931 2097 1144 2138 parlamento
1168 2103 1238 2124 non
1261 2092 1465 2124 videbantur
1483 2088 1670 2122 domestici.
1717 2088 1798 2119 Post
1815 2088 1933 2118 horam
1950 2096 2073 2118 nonam
2095 2083 2253 2127 quilibet'

395 2167 551 2189 reversus
576 2160 625 2187 est
648 2153 787 2184 domum
810 2161 916 2187 suam,
940 2149 1073 2180 scilicet
1096 2147 1253 2178 dominus
1278 2145 1392 2177 Guido
1417 2150 1451 2175 et
1473 2142 1630 2175 dominus
1653 2140 1796 2183 Erucius
1819 2150 1938 2171 versus
1961 2139 2150 2176 Mantuam,
2175 2137 2237 2170 do-

399 2211 508 2241 minus
530 2207 698 2240 Mastinus
722 2211 757 2237 et
781 2204 936 2236 dominus
960 2201 1126 2233 Nicolaus
1151 2200 1341 2234 Veronam3
1367 2197 1493 2229 deinde
1520 2201 1640 2237 postea
1663 2194 1832 2226 recedens
1865 2192 2022 2224 dominus
2054 2191 2238 2223 Niccolaus

399 2262 550 2294 marchio
573 2269 729 2293 reversus
753 2263 803 2290 est
826 2255 1028 2288 Ferrariam.

490 2398 512 2414 2.
533 2389 734 2422 magnamitate
753 2387 812 2410 AB
832 2399 863 2403 —-
884 2391 938 2417 4-5.
957 2383 1086 2408 dominus
1106 2384 1140 2407 de
1159 2382 1237 2407 Mun.
1253 2394 1283 2398 -—
1298 2380 1322 2405 6.
1337 2378 1439 2410 dietas]
1460 2379 1516 2403 dies
1535 2378 1560 2401 B
1573 2378 1649 2402 Mun.
1670 2390 1701 2394 —
1722 2380 1747 2406 7.
1766 2376 1872 2400 Eodem
1893 2373 2042 2399 millesimo
2062 2381 2110 2398 om.
2128 2371 2205 2397 Mun.
2226 2385 2237 2390 -

400 2435 443 2459 nel
461 2436 579 2465 margine
599 2434 628 2456 di
651 2434 759 2457 sinistra
779 2433 808 2455 in
826 2431 862 2459 A,
888 2431 918 2453 di
938 2430 1029 2461 prima
1048 2435 1138 2451 mano.-
1165 2433 1241 2450 mors
1260 2425 1367 2449 domini
1393 2423 1518 2448 Bertoldi
1539 2422 1655 2446 estensis
1676 2435 1707 2439 —
1733 2422 1756 2445 8.
1777 2420 1898 2452 duplerii
1918 2420 1946 2442 fn
1972 2419 1995 2442 A
2020 2425 2079 2449 agg.
2103 2419 2133 2441 di
2147 2418 2237 2448 prima

400 2487 485 2507 mano,
504 2487 535 2502 su
553 2478 648 2501 lacuna
663 2491 693 2494 —
711 2484 751 2501 11.
766 2475 868 2499 Eodem
888 2474 1038 2498 millesimo
1057 2480 1103 2496 om.
1120 2471 1198 2496 Mun.
1218 2483 1249 2487 —
1273 2476 1362 2494 11-12.
1382 2468 1426 2491 nel
1444 2468 1562 2499 margine
1582 2466 1611 2488 di
1627 2466 1736 2488 sinistra
1754 2465 1783 2487 in
1801 2464 1837 2489 A.
1851 2464 1881 2486 di
1894 2464 1985 2494 prima
2004 2469 2094 2485 mano.-
2115 2460 2236 2492 [Pri]va-

402 2527 445 2547 tus
464 2523 657 2547 dominatione
676 2523 703 2545 et
724 2520 878 2552 [e]xpulsus
897 2520 939 2542 est
959 2517 992 2541 de
1011 2517 1127 2541 civitate
1146 2514 1312 2546 F10[r]entie
1326 2513 1382 2537 dux
1402 2512 1577 2536 Athenarum
1590 2510 1638 2541 qui
1652 2510 1780 2533 dominus
1801 2508 1884 2540 [eJrat
1902 2507 1975 2530 dicte
1994 2507 2121 2530 civitatis
2134 2505 2168 2529 ad
2181 2505 2238 2528 cla-

363 2574 373 2592 :
404 2573 507 2590 morem
526 2567 621 2598 populi
634 2564 778 2589 Florentie
793 2576 825 2580 -—
842 2570 881 2587 12.
894 2570 914 2586 c.
929 2566 963 2591 97
975 2568 996 2585 r.
1015 2560 1068 2583 Nel
1086 2559 1205 2589 margine
1223 2557 1354 2587 superiore
1373 2555 1404 2578 di
1420 2555 1443 2578 A
1464 2554 1575 2586 leggesi:
1598 2552 1810 2576 Proverbiorum
1830 2558 1857 2576 x.
1879 2549 1972 2578 Quaxl
1991 2550 2144 2580 tempestas
2161 2549 2239 2572 tran-

401 2612 475 2634 siens
495 2609 575 2641 [non]
596 2610 650 2632 erit
671 2609 772 2640 impius
794 2608 882 2631 iustus
901 2607 993 2629 autem
1013 2604 1092 2636 quasi
1111 2602 1324 2626 fundamentum
1344 2599 1543 2631 sempiternum
1558 2605 1589 2619 z
1605 2596 1756 2630 Ecechielis
1774 2596 1854 2618 xxx0.
1881 2594 1924 2617 Ad
1948 2592 2081 2617 sumenda
2099 2591 2190 2624 spolia
2208 2593 2237 2615 tu

404 2655 504 2678 venisti
519 2654 549 2677 ut
567 2653 650 2677 tollas
669 2653 814 2683 argentum
833 2652 862 2674 et
881 2657 974 2674 aurum
994 2649 1021 2671 et
1039 2646 1211 2680 suplectilem
1231 2646 1258 2668 et
1276 2643 1460 2668 substantiam
1475 2640 1662 2673 diru[m]pens
1676 2648 1707 2661 Ξ
1723 2639 1839 2662 Numeri
1858 2640 1951 2661 xxns’.
1972 2637 2175 2667 Proposueram
2187 2635 2238 2658 ho-

402 2698 515 2722 norifice
534 2697 671 2721 honorare
685 2698 713 2719 te
725 2697 765 2719 set
785 2696 860 2719 Deus
873 2694 997 2726 privavit
1016 2693 1042 2716 te
1061 2692 1168 2715 honore
1187 2689 1314 2721 deposito
1329 2701 1360 2705 —
1376 2693 1416 2710 21.
1437 2686 1554 2717 quodam
1575 2686 1598 2708 A
1616 2698 1643 2701 ——
1661 2689 1702 2713 27.
1716 2682 1859 2706 millesimo
1873 2683 1900 2705 et
1913 2689 1960 2704 om.
1981 2680 2059 2705 MUR.
2074 2693 2105 2696 —
2120 2685 2161 2711 30.
2175 2679 2238 2702 mil·

403 2742 500 2765 lesimo
518 2742 546 2765 et
564 2748 611 2764 om.
632 2740 709 2764 Mun.
728 2753 760 2757 —
784 2744 825 2768 32.
845 2738 929 2762 etiam
948 2737 991 2764 A,·
1010 2737 1038 2760 et
1056 2735 1081 2757 B
1100 2735 1177 2759 Mun.

491 2844 499 2860 ¹
520 2845 707 2870 Costruzione
727 2843 878 2874 singolare,
904 2849 948 2865 ma
967 2848 1025 2865 non
1045 2838 1231 2864 inamissibile
1251 2837 1295 2862 nel
1438 2836 1448 2852 3
1467 2835 1488 2858 ΙΙ
1507 2836 1610 2866 glorno
1633 2833 1664 2857 18
1684 2833 1713 2856 di
1734 2833 1832 2863 agosto
1853 2830 1991 2854 dell’anuo
2012 2834 2079 2860 1343
2102 2826 2188 2852 cadde
2207 2827 2236 2850 in

404 2888 499 2910 nostro
514 2886 689 2909 documento.
726 2884 823 2907 Anche
837 2883 856 2906 il
876 2882 1016 2906 Muratori
1029 2879 1136 2905 accettb
1149 2880 1175 2903 la
1189 2880 1295 2903 lezione
1350 2876 1453 2902 lunedl.

404 2928 446 2951 dei
467 2926 641 2951 manoscritti
660 2933 739 2950 senza
760 2932 862 2949 nessun
882 2924 1103 2948 emendamento.
1439 2917 1450 2932 ⁴
1472 2917 1646 2942 villafranca
1666 2923 1681 2939 a
1704 2922 1732 2945 15
1753 2915 1802 2939 kil.
1821 2914 1890 2939 S·0.
1911 2914 1939 2937 di
1960 2914 2080 2937 Verona.

491 2967 502 2983 ‘2
523 2968 616 2993 Costr.
627 2976 642 2991 e
652 2968 771 2997 intendi,
782 2974 860 2991 come
871 2973 900 2990 se
911 2966 939 2990 vi
950 2965 1039 2989 fosse:
1050 2965 1139 2987 ducem
1151 2965 1175 2986 et
1184 2970 1242 2986 suos
1251 2964 1296 2985 etc.

2257 821 2293 851 10

2258 1085 2293 1114 15

2256 1348 2296 1377 20

2258 1609 2297 1640 25

2261 1875 2301 1905 30

2261 2136 2301 2169 35
