2360 3603
38 941 75 972 10

39 1204 50 1234 1

37 1468 77 1497 20

36 1729 77 1760 25

36 1993 77 2024 30

38 2258 56 2287 Ο)

59 1203 75 1234 5

61 2256 76 2286 (λι

101 238 184 273 [AA.
205 239 400 271 1344-1345]
739 231 1049 266 CHRONICON
1077 230 1304 265 ESTENSE
1863 231 1930 265 125

100 362 156 393 ubi
180 362 310 393 invenit
332 361 538 392 Bellixinum
563 361 607 391 de
631 360 836 401 Savignano,
868 360 925 401 qui
948 360 1130 391 Dominum
1153 361 1345 401 predictum
1370 361 1502 402 recepit
1525 372 1600 392 cum
1626 361 1770 393 maximo
1795 362 1933 399 honore,

100 414 145 446 'et
168 414 214 445 ibi
237 414 301 445 fuit
324 424 468 455 pransus
486 419 519 444 et
542 418 682 444 cenatus
690 425 698 449 3
723 413 791 443 alio
815 412 870 443 die
901 412 1041 454 aplicuit
1064 413 1229 444 Mutinam
1255 413 1429 445 civitatem
1451 425 1554 451 suam,
1572 413 1628 444 ubi
1651 414 1744 444 stetit
1767 425 1828 455 per
1852 424 1931 445 V1111

100 467 187 503 dies;
212 466 326 507 ibique
359 467 453 497 venit
482 466 525 496 ad
557 465 807 506 parlamentum
840 476 916 496 cum
941 465 1079 496 domino
1104 464 1305 497 Marchione
1331 466 1486 498 dominus
1516 467 1690 508 Johannes
1715 467 1757 497 de
1782 466 1932 508 Pepulis.

98 519 262 551 Dominus
277 518 434 550 Marchjo
451 518 634 559 reliquerat
652 517 825 549 dominum
842 518 870 548 F
873 517 1064 549 ranciscum
1090 517 1162 548 eius
1185 524 1355 559 nepotem,
1380 524 1414 550 et
1436 525 1607 561 tamquam
1632 520 1746 557 filium,
1770 519 1932 550 vicarium

100 572 247 603 civitatis
271 571 405 608 Parme,
430 571 487 612 qui
510 581 546 601 se
570 570 619 601 sic
644 570 732 601 bene
756 570 869 611 gessit,
894 569 986 611 quod
1010 580 1128 601 omnes
1152 571 1297 602 civitatis
1322 571 1510 613 diligebant
1534 572 1643 612 ipsum
1667 573 1755 604 ultra
1778 572 1925 604 modum.

905 692 1145 725 MCCCXLV.

185 783 250 814 Die
273 785 353 814 11110‘
374 783 532 825 januarii.
557 782 721 814 Dominus
745 782 900 812 marchio
917 782 1026 823 Obieo
1044 788 1108 813 etc.
1127 783 1318 825 segregavit
1333 783 1476 821 Mutina,
1496 784 1684 827 redivitque
1702 785 1884 821 Ferariam,
1901 791 1934 815 et

99 836 145 867 ibi
167 836 332 877 applicuit
356 836 514 868 dominus
537 836 704 867 Mastinus
728 836 771 866 de
795 835 829 865 la
853 835 966 871 Scala,
990 835 1164 876 johannes
1189 835 1231 866 de
1256 835 1395 877 Pepulis
1419 837 1461 867 de
1495 837 1656 874 Bononia,
1681 838 1836 868 dominus
1860 837 1933 868 Ma-

97 888 220 919 latesta
244 889 287 920 de
311 888 478 925 Arimino,
504 887 659 919 dominus
684 887 867 918 Hostaxius
890 887 932 917 de
957 887 1137 923 Ravenna,
1165 887 1414 919 ambaxiatores
1437 889 1599 920 Pixarum
1623 890 1667 920 ad
1689 890 1934 931 parlamentum

100 951 175 972 cum
200 941 293 972 dicto
317 941 454 972 domino
478 941 690 979 Marchione‚
721 941 755 971 in
780 951 847 981 quo
872 939 977 971 multa
1000 940 1155 971 ordinata
1179 940 1327 978 fuerunt,
1352 952 1464 982 pauca
1486 953 1568 974 vero
1592 942 1741 981 obtenta,
1765 943 1844 984 quia
1867 953 1933 973 non

99 993 186 1024 bene
211 993 430 1025 obtinuerunt
454 993 592 1025 domino
615 993 810 1025 Marchioni
833 993 870 1025 id
895 993 988 1034 quod
1011 994 1255 1033 promixerant.

184 1045 317 1077 Eodem
347 1046 539 1081 millesimo,
570 1055 647 1076 xxn
678 1045 836 1089 januarii.
869 1045 1036 1076 Dominus
1066 1045 1241 1077 Luchinus
1277 1046 1486 1079 Vicecomes
1521 1048 1645 1079 direxit
1675 1051 1725 1079 V1c
1748 1048 1871 1080 milites
1901 1049 1935 1079 in

99 1097 285 1129 subsidium
310 1098 525 1130 dominorum
549 1098 688 1129 Mantue
712 1104 745 1128 et
769 1104 890 1129 contra
915 1097 1086 1129 dominum
1113 1099 1347 1130 marchionem
1370 1099 1576 1141 Obieonem3
1602 1101 1659 1142 qui
1684 1101 1808 1132 milites
1830 1101 1864 1131 in
1890 1100 1937 1131 ci-

99 1151 203 1182 vitate
227 1150 382 1182 Mantue'
407 1156 573 1182 steterunt
597 1151 729 1192 aliquot
752 1150 882 1188 diebus,
914 1150 1041 1182 deinde
1064 1162 1133 1182 una
1157 1162 1234 1182 cum
1266 1151 1405 1183 domino
1436 1152 1656 1195 Phylyppino
1688 1154 1730 1185 de
1764 1154 1936 1196 Goneaga,

101 1203 238 1235 domino
262 1203 358 1235 Thor
382 1204 426 1235 de
449 1203 592 1241 Panie0‚
617 1209 651 1235 et
667 1203 756 1235 MM.
779 1203 953 1244 peditibus
975 1203 1110 1235 iverunt
1134 1214 1237 1245 super
1261 1205 1449 1236 districtum
1474 1205 1612 1237 Verone
1637 1207 1728 1247 apud
1752 1207 1871 1237 Turim
1895 1206 1937 1237 de

100 1256 132 1287 la
155 1255 268 1294 Scala,
285 1262 320 1287 et
336 1257 540 1288 transierunt
555 1257 734 1288 Melariam
758 1262 790 1288 et
814 1256 1057 1300 Bragantinum
1076 1256 1248 1288 districtus
1271 1257 1400 1289 domini
1422 1259 1630 1290 marchionis
1653 1259 1813 1301 Obieonis
1836 1270 1937 1300 super

100 1308 302 1339 Pollicinum
326 1308 477 1351 Figaroli
501 1319 607 1350 usque
632 1307 1025 1346 Pontem-laci-obscuri,
1057 1314 1090 1339 et
1115 1308 1374 1341 comburserunt
1398 1315 1432 1340 et
1463 1309 1713 1341 derobaverunt
1737 1310 1848 1342 omnia
1873 1321 1937 1352 que

99 1367 297 1402 potuerunt3
322 1367 399 1402 post
422 1362 487 1393 hec
512 1368 780 1404 segregaverunt
803 1361 894 1399 inde,
919 1367 953 1392 et
975 1361 1104 1392 reversi
1127 1368 1203 1392 sunt
1225 1363 1413 1393 Mantuam.

188 1415 321 1445 Eodem
345 1414 530 1451 millesimo,
554 1420 631 1455 post
660 1424 788 1454 paucos
806 1414 889 1452 dies,
906 1414 1062 1445 dominus
1077 1414 1374 1457 Phylyppinusde
1399 1415 1574 1458 Goneaga‚
1599 1417 1754 1448 dominus
1776 1417 1873 1448 Thor
1896 1417 1937 1448 de

101 1466 231 1498 Panico
256 1478 333 1498 cum
356 1467 519 1498 militibus
542 1466 669 1499 domini
698 1466 847 1498 Luchini
871 1466 1037 1498 antedicti
1062 1467 1299 1508 equitaverunt
1330 1468 1478 1511 Regium
1504 1468 1675 1500 civitatem
1704 1469 1786 1501 dicti
1811 1469 1937 1501 domini

99 1519 321 1561 Phylyppini,
346 1518 462 1560 ibique
485 1526 745 1560 permanserunt
769 1529 846 1550 cum
869 1519 1014 1550 maxima
1037 1519 1128 1551 fame
1153 1526 1186 1551 et
1207 1520 1352 1558 sinistro,
1377 1520 1505 1562 aliquot
1528 1520 1657 1559 diebus,
1681 1528 1856 1563 sperantes
1879 1522 1938 1552 ha-

101 1571 182 1603 bere
206 1571 244 1604 id
267 1572 360 1614 quod
383 1572 510 1603 habere
535 1582 602 1603 non
626 1577 817 1613 potuerunt.

188 1624 319 1656 Eodem
335 1625 510 1656 millesimo
528 1632 562 1656 et
576 1625 611 1656 in
635 1625 702 1656 hiis
718 1625 928 1667 temporibus
945 1625 1081 1668 quidam
1097 1626 1228 1668 legatus
1245 1626 1370 1658 domini
1394 1626 1488 1668 Pape
1513 1627 1607 1658 venit
1631 1628 1666 1658 in
1682 1627 1935 1665 Lombardiam‚

100 1677 220 1708 dicens
242 1677 321 1709 ficte
347 1683 381 1708 et
403 1678 570 1715 simulate,
595 1678 688 1720 quod
710 1677 913 1710 intendebat
936 1684 1084 1710 tractare
1107 1688 1228 1720 pacem
1252 1680 1340 1710 inter
1366 1679 1521 1711 dominos
1543 1679 1766 1711 Lombardie:
1799 1687 1938 1721 propter

103 1730 197 1771 quod
209 1729 305 1761 ‘fecit
336 1736 370 1761 et
401 1730 571 1762 ordinavit
601 1731 699 1772 plura
730 1731 942 1772 parlamenta
973 1742 1049 1763 cum
1081 1731 1227 1763 dominis
1251 1732 1442 1770 antedictis,
1467 1732 1650 1774 aliquando
1675 1743 1750 1764 cum
1773 1743 1851 1771 uno,
1877 1733 1936 1764 ali-

101 1782 239 1824 quando
265 1792 341 1813 cum
364 1782 443 1819 alio,
468 1783 576 1814 nichil
600 1783 798 1824 proficiens3
824 1789 876 1820 set
900 1794 920 1814 a
944 1783 1096 1826 quolibet
1126 1783 1315 1824 recipiebat
1346 1784 1542 1824 pecuniam3
1576 1785 1714 1826 quando
1745 1785 1881 1826 accepit
1904 1785 1938 1816 id

102 1834 195 1876 quod
219 1835 340 1876 potuit,
364 1835 515 1867 recessit.

187 1887 319 1919 Eodem
344 1888 532 1926 millesimo,
558 1888 612 1920 die
636 1899 659 1919 v
683 1889 805 1920 mensis
828 1889 948 1921 martii.
973 1889 1106 1921 Nobilis
1138 1889 1293 1920 dominus
1315 1889 1528 1931 Janquilicus
1552 1890 1595 1921 de
1614 1889 1738 1921 Sancto
1763 1890 1865 1921 Vitali
1895 1891 1937 1921 de

100 1939 222 1972 Parma
245 1940 328 1973 obiit
351 1941 385 1972 in
409 1941 544 1973 civitate
569 1942 671 1980 dicta,
697 1948 730 1974 et
753 1942 904 1983 sepultus
928 1943 972 1973 ad
995 1943 1107 1973 locum
1132 1942 1276 1973 fratrum
1292 1941 1465 1973 Minorum
1481 1943 1502 1980 ¹,
1526 1942 1620 1973 cuius
1642 1943 1813 1984 sepulture
1834 1943 1938 1975 inter-

101 1993 241 2024 fuerunt
265 1993 356 2024 cives
387 1994 612 2032 honorabiles,
638 1994 766 2026 domini
793 1996 837 2026 de
860 1994 1008 2037 Corigio‚
1033 1994 1189 2026 dominus
1219 1994 1423 2026 Franciscus
1449 1995 1600 2026 marchio
1631 1996 1772 2027 estensis
1794 1996 1938 2027 vicarius

101 2046 271 2087 generalis
294 2046 385 2078 dicte
408 2046 564 2085 civitatis,
588 2054 622 2079 et
646 2057 722 2078 cum
745 2048 837 2079 omni
861 2048 1005 2080 maximo
1029 2048 1159 2079 honore
1173 2047 1194 2079 ².

191 2099 324 2130 Eodem
349 2099 527 2131 millesimo
551 2106 585 2132 et
609 2100 675 2132 die.
707 2100 871 2132 Dominus
901 2100 1140 2143 Phylyppinus
1172 2101 1214 2131 de
1248 2100 1424 2142 Goneaga,
1458 2101 1613 2132 dominus
1637 2102 1708 2132 Tor
1741 2102 1784 2132 de
1808 2101 1937 2133 Panico

101 2162 178 2183 cum
200 2152 347 2182 maxima
370 2153 556 2194 quantitate
580 2153 722 2184 militum
752 2159 785 2185 et
815 2153 977 2194 peditum,
1002 2159 1269 2195 segregaverunt
1293 2153 1426 2184 civitate
1449 2153 1563 2195 Regii,
1587 2153 1788 2195 iveruntque
1812 2154 1846 2185 in
1869 2155 1940 2185 Tu-

101 2205 183 2241 scia,
209 2204 320 2236 animo
345 2210 378 2236 et
401 2204 608 2237 intenctione
632 2205 783 2237 habendi
807 2206 996 2244 Pistorium,
1021 2212 1056 2237 et
1078 2206 1185 2236 nichil
1208 2206 1283 2237 fuit.

189 2257 319 2288 Eodem
343 2257 532 2296 millesimo,
564 2268 626 2289 XVI
657 2259 782 2290 mensis
813 2259 932 2290 martii.
967 2259 1094 2290 Gentes
1126 2258 1256 2289 domini
1288 2258 1498 2290 Marchionis
1530 2259 1670 2290 estensis
1701 2266 1873 2301 equestres
1904 2266 1938 2291 et

104 2308 236 2349 pedites
261 2310 497 2351 equitaverunt
521 2310 564 2341 de
594 2310 732 2342 civitate
755 2311 877 2342 Parme
908 2320 1010 2352 super
1034 2310 1222 2342 districtum
1253 2310 1367 2354 Regii,
1392 2310 1449 2342 ubi
1480 2310 1681 2343 invenerunt
1707 2311 1789 2343 alias
1819 2319 1938 2354 gentes

102 2361 184 2393 dicfi
208 2362 336 2394 domini
359 2362 578 2401 Marehionis‚
603 2374 670 2404 que
693 2369 857 2395 venerant
881 2363 924 2394 de
947 2363 1095 2399 Mutina3
1122 2368 1155 2394 et
1186 2363 1237 2394 sic
1262 2363 1465 2405 congregati
1493 2363 1625 2395 iverunt
1648 2364 1685 2394 in
1709 2364 1858 2396 exercitu
1882 2375 1939 2396 ca-

101 2420 206 2445 strum
230 2415 347 2447 Sancti
370 2414 493 2446 Pauli³
516 2416 551 2446 in
575 2416 731 2448 districtu
755 2416 874 2458 Regii3
901 2423 933 2447 et
958 2422 1191 2457 expugnantes
1215 2416 1323 2457 ipsum
1355 2422 1512 2453 castrum,
1542 2427 1603 2457 per
1633 2417 1700 2447 vim
1731 2417 1936 2455 habuerunt:

102 2467 226 2498 deinde
250 2468 384 2499 iverunt
408 2471 487 2499 11110‘
512 2468 643 2500 castra⁴
668 2469 701 2499 in
719 2469 812 2500 dicto
841 2468 1004 2507 districtu,
1029 2475 1062 2499 et
1078 2468 1151 2509 ipsa
1168 2467 1372 2505 habuerunt:
1398 2468 1523 2500 deinde
1540 2469 1776 2511 equitaverunt
1792 2476 1937 2501 castrum

192 2586 215 2611 5.
230 2582 319 2614 ipsum
339 2583 381 2609 A‚-
399 2591 461 2607 eum
480 2584 506 2606 B
518 2584 594 2608 Mna.
621 2598 647 2601 ω
668 2591 691 2611 o.
712 2585 774 2615 dopo
793 2585 928 2608 Ravenna
948 2584 1025 2608 MUR.
1045 2590 1103 2614 agg.
1123 2585 1151 2607 et
1170 2597 1201 2600 —
1226 2590 1263 2606 11.
1286 2578 1459 2614 obtinerunt]
1473 2585 1621 2608 tenuerunt
1637 2585 1712 2608 Mun.
1729 2599 1761 2602 —
1778 2592 1816 2608 12.
1832 2585 1936 2609 Eodem

103 2622 267 2654 millesimo]
288 2624 342 2647 Die
357 2624 433 2648 MUR.
450 2638 480 2641 —
503 2632 543 2648 21.
563 2625 677 2656 aliquod
695 2626 754 2647 AB
769 2639 800 2642 —
815 2632 856 2656 23.
870 2625 974 2648 Eodem
988 2625 1137 2648 millesimo
1150 2624 1221 2648 etin
1241 2632 1287 2648 om.
1308 2625 1387 2649 MUR.
1407 2637 1417 2642 -
1436 2624 1506 2656 non]
1526 2632 1561 2648 ne
1578 2626 1637 2648 AB
1656 2640 1686 2643 —
1708 2625 1749 2650 26.
1767 2626 1890 2658 quando]
1910 2629 1938 2650 et

103 2663 214 2694 quando
234 2664 312 2688 Mun.
326 2678 358 2682 -—-
380 2665 419 2689 28.
441 2665 539 2690 Eodem
560 2666 710 2690 millesimo
729 2674 777 2689 om.
792 2666 869 2689 Mun.
884 2678 916 2682 -—
932 2672 972 2697 29.
992 2665 1080 2689 locum
1099 2673 1145 2689 ona
1166 2665 1191 2688 B
1210 2664 1287 2690 Mun.
1302 2678 1334 2682 —
1347 2672 1389 2696 3²-
1404 2666 1550 2690 millesimo
1568 2667 1595 2690 et
1613 2673 1659 2690 om.
1681 2667 1757 2691 Mun.
1771 2680 1803 2684 —-
1823 2673 1864 2698 35.
1885 2668 1938 2691 Eo-

103 2704 166 2728 dem
186 2705 334 2729 millesimo
354 2707 398 2730 die
419 2708 496 2731 Mun.
520 2721 549 2724 —
570 2713 610 2738 37.
631 2707 807 2738 congregatis
828 2707 886 2730 AB

190 2792 197 2808 ¹
217 2794 318 2818 Chiesa
337 2795 365 2818 di
384 2802 434 2819 san
454 2796 606 2820 Francesco
626 2796 669 2819 del
689 2796 781 2819 Prata.

189 2834 200 2850 ²
220 2836 404 2867 GianquIrico
433 2837 461 2861 di
489 2837 644 2866 Sanvitale,
671 2835 784 2869 podest&
813 2844 828 2860 a
858 2837 991 2862 Piacenza
1045 2838 1096 2861 Per
1115 2837 1187 2861 altre
1207 2838 1311 2861 notizie
1329 2837 1394 2860 vedi
1413 2838 1514 2866 LITTA,
1535 2837 1590 2861 San
1614 2838 1708 2866 Vitale,
1726 2840 1782 2863 tav.
1800 2839 1822 2862 Ι.

103 2877 147 2900 nel
167 2884 243 2908 1312,
262 2878 328 2901 ebbe
348 2878 406 2902 vita
427 2880 624 2903 avventurosa.
661 2879 712 2902 Ne!
734 2885 800 2909 1323
823 2878 850 2902 fu
870 2880 989 2902 incarce-
1132 2876 1143 2892 3
1162 2878 1218 2902 San
1242 2878 1311 2902 Polo
1330 2878 1439 2902 d'Enza
1464 2881 1493 2902 in
1513 2879 1637 2903 Paviano
1657 2879 1752 2903 vicino
1776 2887 1793 2904 a
1813 2879 1935 2909 Quattro

102 2920 173 2948 rato,
193 2919 266 2951 dopo
288 2926 342 2943 una
361 2919 489 2949 pubblica
507 2927 660 2944 sommossa
680 2919 797 2944 eceitata
817 2920 891 2944 dalla
910 2919 993 2944 farni-
1046 2919 1164 2944 Castelli
1183 2927 1198 2943 a
1220 2926 1249 2943 ’.ιι
1272 2920 1320 2943 kil.
1339 2919 1374 2943 da
1392 2920 1509 2952 Reggio.

102 2960 159 2991 glia
179 2961 224 2985 dei
243 2961 329 2985 Rossi
349 2961 378 2984 di
396 2960 451 2986 San
471 2961 596 2986 Secundo
622 2961 651 2985 in
671 2962 769 2985 Parma
794 2969 808 2985 e
827 2961 855 2985 fu
881 2963 991 2994 esposto
1133 2959 1145 2975 4
1166 2960 1288 2988 Quattro
1318 2960 1440 2992 castelli,
1466 2961 1547 2986 feudo
1573 2962 1645 2987 nelle
1671 2963 1773 2987 colline
1797 2964 1935 2995 reggiane,

1986 424 2059 445 Mum,
2076 426 2113 443 ⁴10

1044 2796 1073 2819 in
1093 2803 1149 2820 una
1161 2795 1269 2827 gabbia.
1305 2795 1393 2827 Sposo
1411 2796 1539 2820 Antonia
1552 2796 1581 2820 di
1595 2796 1711 2821 Giberto
1725 2798 1760 2821 da
1773 2798 1936 2830 Correggio.
1969 2806 1998 2821 rr·
