2360 3603
51 833 87 863 10

47 1359 87 1388 20

112 229 154 263 [A
177 231 269 263 1344]
1875 235 1943 269 123

112 362 246 393 Domini
279 361 494 399 marchionis,
525 366 739 397 mercatores,
772 361 917 392 viatores
950 366 983 391 et
1014 371 1131 392 omnes
1162 360 1217 391 alii
1250 367 1369 402 posent
1400 362 1543 393 transire
1575 363 1686 393 securi
1718 373 1793 394 cum
1825 374 1940 395 eorum

113 414 265 456 personis
288 420 321 445 et
344 413 454 445 rebus.
502 414 545 444 Et
568 414 596 444 si
612 413 732 454 aliquis
748 413 959 451 malefactor,
976 413 1159 450 homicida,
1177 414 1260 445 latro
1276 419 1342 445 etc.
1360 414 1393 444 in
1418 414 1510 446 dicto
1535 414 1690 446 districtu
1714 416 1947 448 commicteret

113 467 243 508 aliquid
267 466 310 497 de
334 465 507 507 predictis,
532 472 566 497 et
582 466 716 508 fugeret
733 465 765 495 in
783 465 939 497 districtu
956 466 1057 496 domii
1076 467 1083 495 l
1101 466 1248 497 Luehiui
1266 466 1499 505 Vicecomitis,
1518 467 1629 498 dictus
1644 467 1802 499 dominus
1818 468 1946 500 Luchi-

111 528 174 550 nus
198 524 382 555 teneretur,
407 518 435 548 si
459 523 573 559 posset
597 527 656 548 eos
673 517 727 548 vel
744 517 890 559 aliquem
908 528 1023 548 eorum
1041 517 1168 549 habere
1193 518 1247 548 vel
1274 518 1350 559 capi
1375 519 1503 557 facere,
1521 519 1612 550 micti
1630 520 1675 551 ad
1692 520 1944 562 requisitionem

111 571 193 602 dicti
217 569 343 601 domini
369 568 581 600 Max-chionis
605 578 821 610 quocumque
845 569 948 600 vellet
973 569 1170 610 detenptos3
1197 576 1230 601 et
1247 569 1403 601 similiter
1418 571 1574 602 domiuus
1590 571 1749 603 Marchio
1770 573 1948 605 tenebatur

113 623 250 654 domino
274 622 430 653 Luchino
456 627 521 652 etc.

199 675 330 706 Eodem
354 673 542 711 millesimo,
567 683 604 705 VI
629 673 830 705 decembris.
856 674 1021 705 Dominus
1046 675 1198 706 marchio
1223 675 1332 717 Obico
1358 681 1422 706 etc.
1446 677 1585 707 recessit
1609 678 1652 708 de
1671 677 1807 709 civitate
1824 678 1946 710 Parme

111 738 187 759 cum
213 727 351 758 domino
376 724 558 757 Malatesta
572 726 615 757 de
632 725 798 762 Arimino,
817 725 953 757 domino
971 726 1135 758 Hostaxio
1152 727 1195 758 de
1212 727 1390 764 Ravenna,
1408 728 1544 760 domino
1560 729 1716 770 Johanne
1740 729 1947 773 Alberghet-

111 780 183 818 tini,
208 779 345 811 domino
370 778 557 809 Francisco
582 778 780 809 marchione
806 784 939 809 estense
963 785 996 809 et
1020 785 1144 819 nepote
1169 779 1250 811 dicti
1267 779 1393 811 domini
1410 780 1632 818 Marchionis,
1649 782 1787 814 domino
1803 783 1948 824 Accone

113 832 156 863 de
180 831 318 873 Corlgia
342 840 419 861 cum
442 829 524 869 suis,
547 829 682 861 domino
707 829 874 862 Ghiberto
899 830 942 861 de
967 829 1107 872 Foyano
1133 841 1208 862 cum
1232 831 1308 868 suis,
1334 832 1472 864 domino
1489 832 1691 874 Aldigherio
1719 835 1761 866 de
1779 835 1913 878 Senaca
1929 836 1947 872 ¹,

112 884 251 915 domino
276 882 382 914 Paulo
408 882 451 914 de
475 881 686 924 Aldigheriis
708 882 752 913 de
776 882 900 913 Parma
912 881 934 919 ²,
959 889 992 912 et
1015 882 1126 914 multis
1151 883 1224 914 aliis
1247 883 1418 915 nobilibus
1442 884 1485 916 de
1502 885 1634 922 Parma,
1653 886 1796 925 Mutina,
1814 888 1947 926 Ymola,

113 935 287 973 Faventia,
319 934 484 971 Arimino,
517 934 667 972 Feraria,
694 944 769 965 cum
795 940 863 965 toto
886 934 1016 975 populo
1042 935 1197 966 Ferrarie
1222 943 1256 967 et
1280 935 1425 974 Mutine,
1451 937 1507 978 qui
1538 937 1669 969 iverant
1701 949 1776 970 cum
1809 941 1948 973 domino

112 988 330 1023 Marchi0ne3
350 992 383 1018 et
397 995 515 1017 omnes
527 986 662 1017 iverunt
674 986 719 1018 ad
732 986 916 1027 hospitium
931 993 1076 1018 castrum
1090 987 1277 1026 Monticli³‚
1291 995 1467 1029 sperantes
1483 990 1593 1021 redire
1608 990 1720 1022 inllesi
1735 992 1780 1024 ad
1793 995 1944 1034 propria.

199 1041 332 1071 Eodem
356 1039 545 1075 milles1m0‚
563 1039 618 1069 die
635 1049 685 1069 V11
709 1039 857 1070 infelicis
874 1040 998 1070 mensis
1015 1040 1218 1071 decembris.
1243 1041 1400 1072 Mai-chio
1417 1041 1527 1084 Obico
1544 1043 1720 1083 predictus
1739 1055 1816 1076 cum
1840 1047 1946 1078 omni-

111 1093 173 1125 bus
196 1093 266 1124 suis
289 1091 470 1123 antedictis
500 1098 769 1133 segregaverunt
793 1097 906 1122 castro
930 1092 1099 1129 Monticli,
1124 1099 1242 1124 euntes
1266 1103 1383 1124 versus
1400 1094 1573 1125 civitatem
1598 1095 1703 1137 Regii
1727 1107 1828 1129 causa
1846 1100 1948 1131 eundi

110 1146 294 1181 Mutinam3
320 1144 458 1185 quando
482 1143 696 1184 aplicuerunt
720 1140 845 1181 locum,
869 1145 927 1186 qui
953 1144 1078 1175 dicitur
1109 1144 1288 1176 Riva-alta
1317 1146 1492 1177 districtus
1516 1147 1629 1189 Regii,
1653 1148 1857 1182 invenerunt
1890 1153 1950 1183 do-

111 1199 240 1230 minum
264 1196 524 1239 Phylyppiuum
548 1197 590 1227 de
616 1196 784 1238 Goneaga
808 1197 983 1228 dominum
1005 1197 1109 1239 Regii
1135 1208 1211 1229 cum
1235 1203 1314 1229 vus
1338 1198 1501 1230 militibus
1527 1205 1561 1230 et
1591 1201 1738 1232 maxima
1762 1205 1948 1244 quantitate

111 1252 276 1294 peditum,
301 1249 564 1287 balisteriorum,
581 1259 665 1291 quos
683 1250 895 1281 conduxerat
913 1250 957 1281 de
974 1250 1185 1281 Mediolano.
1227 1250 1297 1287 Qui
1315 1252 1471 1282 dominus
1488 1252 1726 1294 Phylyppinus
1742 1257 1950 1296 promixerat

111 1303 249 1335 domino
272 1302 429 1334 Luchino
453 1301 662 1333 Vicecomiti
686 1302 774 1333 tradi
797 1302 862 1333 sibi
887 1308 1023 1343 captum
1042 1303 1097 1333 vel
1122 1308 1288 1334 mortuum
1312 1304 1504 1344 predictum
1522 1304 1693 1336 dominum
1717 1309 1949 1342 marchionem

111 1357 322 1399 Obiconem3
347 1361 381 1386 et
405 1355 518 1386 taliter
544 1355 704 1386 constitui
729 1354 865 1386 volebat
889 1355 998 1396 ipsum
1025 1356 1199 1387 dominum
1223 1356 1415 1387 Luchinum
1444 1357 1618 1388 dominum
1642 1358 1766 1390 Parme
1794 1367 1827 1392 et
1851 1363 1952 1395 totins

111 1409 353 1442 dominationis
376 1407 582 1439 marchionis
605 1407 782 1450 Obiconis,
800 1413 868 1438 tam
893 1407 1027 1439 Mutine
1043 1415 1077 1440 et
1102 1409 1269 1446 Ferrarie,
1287 1420 1388 1451 quam
1404 1410 1554 1440 omnium
1571 1411 1713 1442 aliorum
1731 1412 1898 1451 locorum3
1917 1422 1950 1447 et

110 1468 254 1504 propter
277 1462 344 1492 hoc
369 1461 525 1492 domiuus
550 1461 725 1491 Luchinus
749 1460 892 1493 tradidit
916 1462 966 1492 eis
988 1467 1110 1503 gentes
1136 1463 1229 1500 istas,
1253 1473 1322 1494 non
1354 1463 1538 1494 recordans
1563 1463 1711 1495 amicitie
1744 1467 1949 1500 marchionis

110 1514 284 1557 Obicouis,
309 1524 409 1555 quem
433 1512 662 1545 demostrabat
685 1519 817 1544 tantum
842 1513 949 1555 diligi,
974 1519 1008 1544 et
1031 1514 1109 1545 ficte
1133 1514 1322 1546 conabatur
1346 1515 1459 1546 occidi
1484 1516 1593 1556 ipsum
1602 1528 1610 1553 3
1636 1517 1727 1548 unde
1758 1521 1950 1552 cavendum

113 1574 163 1600 est
180 1578 199 1598 a
214 1567 347 1598 talibus.
379 1567 544 1597 Dominus
560 1566 776 1609 Phylypinus
792 1576 869 1597 cum
886 1566 953 1597 illis
969 1567 1177 1608 supradictis
1193 1567 1349 1599 absconsi
1370 1573 1467 1599 erant
1490 1569 1525 1598 in
1550 1569 1642 1600 dicto
1668 1569 1743 1601 loco
1760 1571 1950 1613 Ripe-alte‚

112 1626 194 1652 tunc
218 1619 310 1651 circa
334 1625 464 1650 sextam
495 1619 613 1650 horam
644 1625 766 1661 gentes
789 1619 917 1651 domini
948 1619 1161 1652 Marchionis
1183 1621 1398 1662 aplicuerunt
1420 1621 1559 1660 ibidem,
1585 1628 1705 1652 contra
1735 1633 1820 1664 quos
1846 1625 1950 1657 insul-

111 1679 183 1704 tum
206 1673 389 1704 maximum
413 1672 571 1703 fecerunt
594 1677 714 1714 gentes
738 1672 866 1703 domini
890 1673 1050 1710 Luchini,
1074 1673 1260 1705 clamantes
1285 1673 1360 1704 altis
1383 1673 1542 1705 vocibus:
1571 1674 1743 1715 Romam,
1767 1676 1952 1719 Romam,-

118 1725 209 1769 unde
231 1731 351 1767 gentes
379 1725 507 1757 domini
531 1724 753 1763 Marchionis,
777 1736 845 1756 non
869 1731 1106 1766 suspectantes
1129 1727 1173 1758 de
1197 1725 1381 1767 aliquibus,
1405 1725 1533 1757 omnes'
1560 1727 1713 1758 conflicti
1737 1728 1892 1767 fuerunt3
1918 1739 1951 1763 et

112 1779 213 1820 primi
237 1778 409 1820 fugientes
441 1779 580 1809 fuerunt
611 1779 768 1810 dominus
789 1778 1013 1821 Aldigherius
1044 1779 1087 1810 de
1121 1779 1152 1810 la
1184 1778 1329 1821 Senaca,
1360 1779 1625 1822 Raymondinus
1655 1780 1782 1822 Lupus,
1811 1790 1952 1824 propter

113 1832 230 1874 fugam
254 1842 410 1873 quorum,
435 1831 492 1862 alii
525 1832 642 1874 fugam
673 1832 907 1873 adripuerunt,
939 1838 1086 1873 excepto
1117 1832 1254 1864 domino
1285 1832 1499 1869 Marchione,
1532 1833 1589 1874 qui
1621 1834 1728 1864 noluit
1756 1835 1950 1878 relinquere

48 1886 90 1916 30
115 1895 284 1925 campum,
309 1895 377 1916 non
402 1884 548 1916 credens
572 1894 645 1915 esse
669 1885 874 1916 conflictum.
921 1886 963 1916 Et
988 1886 1060 1927 ipse
1085 1886 1175 1917 solus
1199 1886 1349 1917 existens
1372 1885 1429 1922 ibi,
1456 1886 1603 1917 adcessit
1627 1887 1671 1917 ad
1695 1897 1770 1918 eum
1795 1889 1951 1921 dominus

49 2149 88 2181 35

56 2678 85 2694 10

56 2887 84 2911 ¹5

111 1938 285 1980 Johannes
308 1938 352 1969 de
375 1937 638 1980 Alberghettino
663 1938 706 1969 de
730 1939 895 1970 Faventia
918 1950 993 1971 cum
1018 1939 1186 1982 aliquibus
1209 1939 1369 1982 gentibus
1393 1939 1476 1970 dicti
1502 1938 1630 1971 domini
1653 1939 1877 1981 Marchionis,
1895 1945 1952 1985 qui

107 2002 289 2033 numquam
312 1997 582 2034 segregaverunt
605 1991 648 2023 ab
673 2002 724 2024 eo.
771 1993 903 2024 Tamen
927 1993 1018 2034 capti
1042 1993 1182 2024 fuerunt
1207 1993 1250 2024 de
1273 1993 1341 2024 suis
1358 1992 1518 2024 dominus
1536 1993 1753 2025 Bertholinus
1769 1995 1812 2026 de
1838 1995 1951 2032 Quer-

113 2044 207 2087 cola⁴
224 2045 266 2076 de
284 2045 312 2076 F
313 2055 435 2087 oyano,
452 2045 700 2088 Brandelyxius
725 2046 768 2077 de
785 2046 939 2083 Marano,
956 2046 1191 2078 Bernardinus
1208 2046 1252 2077 de
1269 2045 1444 2083 Curiaco5‚
1469 2045 1638 2088 Ugolinus
1662 2046 1706 2077 de
1722 2046 1919 2089 Savignano
1928 2049 1950 2087 ⁶,

112 2097 244 2128 Dracus
267 2097 310 2129 de
334 2097 567 2138 Constabi[li]s
586 2099 629 2129 de
647 2098 816 2135 Ferraria,
839 2099 1027 2141 Jacopinus
1044 2099 1086 2131 de
1102 2099 1283 2130 Vitalianis
1301 2099 1344 2130 de
1361 2098 1510 2135 Padua⁷,
1534 2098 1704 2142 §Zacharia
1719 2099 1762 2130 de
1779 2100 1894 2132 Massa
1918 2108 1952 2133 et

114 2149 180 2182 alii.
225 2149 342 2193 Aliqui
367 2161 409 2181 ex
433 2150 505 2182 aliis
529 2151 659 2183 domini
683 2151 847 2194 Obiconis
872 2152 1109 2184 conduxerunt
1133 2151 1308 2183 dominum
1332 2150 1574 2183 Marchionem
1597 2151 1693 2194 quasi
1715 2159 1833 2184 contra
1858 2164 1951 2185 suam

203 2265 228 2291 7.
247 2261 352 2285 Eodem
374 2262 520 2286 millesimo
539 2269 586 2286 om.
607 2262 685 2287 MUR.
706 2277 736 2280 -
761 2270 800 2287 10.
820 2263 923 2297 Seuaca
942 2263 965 2286 A
985 2277 1017 2280 —
1040 2270 1080 2291 14.
1100 2263 1203 2287 Eodem
1229 2263 1376 2286 millesimo
1396 2271 1442 2286 om.
1465 2263 1541 2286 MUR.
1563 2276 1594 2280 —
1619 2261 1657 2286 16.
1676 2264 1704 2286 et
1729 2264 1791 2294 dopo
1811 2264 1951 2288 Mutinam

114 2309 172 2334 agg.
193 2303 270 2327 Mun.
292 2317 322 2320 —
343 2310 382 2335 23.
400 2303 609 2328 demonstrabat
627 2312 694 2329 corr.
715 2305 793 2329 MUR.
814 2318 824 2322 -
844 2305 960 2336 diligere
979 2312 1044 2328 corr.
1066 2305 1143 2329 MUR.
1163 2317 1195 2322 —·
1220 2311 1260 2335 24.
1283 2305 1326 2327 nel
1344 2306 1461 2334 margine
1480 2305 1562 2327 dextro
1582 2305 1610 2326 in
1630 2305 1653 2327 Α
1673 2304 1742 2327 della
1759 2307 1837 2328 stessa
1857 2314 1948 2329 mano.-

117 2345 199 2368 nota:
219 2344 247 2368 la
265 2345 343 2376 gatta
363 2344 477 2378 dinanci
490 2345 604 2379 m'unce
621 2347 647 2370 et
662 2346 691 2369 di
710 2346 773 2370 dreo
787 2353 830 2370 me
844 2353 925 2377 raspa
943 2345 947 2377 Ι
964 2346 1142 2376 Muririlegus
1156 2346 1255 2378 pungit
1276 2347 1350 2369 retro
1373 2347 1498 2376 quamvis
1520 2347 1585 2369 ante
1605 2346 1743 2377 perungit.
1761 2345 1765 2377 Ι
1782 2346 1838 2374 Qui
1857 2354 1950 2371 coram

114 2386 199 2409 lactat
217 2385 286 2410 clam
307 2387 405 2410 mortIs
425 2387 496 2411 retia
514 2387 602 2411 iactat
621 2400 652 2404 —
674 2393 714 2419 35.
735 2388 843 2411 domini
864 2387 897 2411 O.
917 2395 976 2418 agg.
996 2387 1209 2410 nell'z’nterlinea
1228 2388 1257 2410 in
1276 2388 1299 2410 A

200 2462 208 2478 ¹
229 2464 394 2496 Aldigherio
413 2465 485 2489 della
504 2466 608 2499 Senaca
629 2465 659 2490 fu
678 2467 827 2490 testimone
846 2467 954 2491 all'atto
974 2466 1004 2490 di

112 2505 314 2530 assoldamento
334 2506 378 2530 dei
391 2507 576 2531 connestabili
592 2508 716 2532 tedeschi
729 2508 804 2533 fatto
821 2509 856 2533 da
875 2509 1003 2532 Rolando

112 2547 191 2571 Rossi
211 2546 302 2579 (1335)
323 2555 338 2571 e
358 2546 428 2571 mori
447 2548 477 2571 in
496 2555 604 2573 carcere
623 2557 639 2572 a
658 2550 801 2575 Mantova.

1059 2467 1127 2490 della
1148 2466 1275 2498 famiglia
1295 2467 1433 2498 Fogliani.
1454 2467 1500 2492 Cf.
1520 2468 1708 2496 TIRAnoscm,
1726 2467 1880 2491 Dizz‘onario
1902 2468 1948 2491 To-

1054 2511 1128 2538 pog„
1146 2508 1181 2537 Π,
1202 2514 1261 2539 294.

1146 2547 1156 2563 ⁵
1175 2549 1309 2573 Viseonte
1335 2557 1383 2582 per
1401 2551 1439 2582 gli
1466 2550 1578 2574 Estensi
1597 2550 1626 2574 in
1653 2550 1774 2574 Modena
1802 2551 1845 2574 nel
1874 2557 1947 2581 1337.

200 2586 211 2602 2
229 2587 349 2612 Podesta
368 2589 396 2612 di
411 2590 521 2614 Brescia
535 2591 579 2614 nel
595 2597 672 2622 1359,
691 2591 719 2614 di
740 2591 846 2615 Milano
862 2592 905 2615 nel
923 2598 1003 2622 13213

114 2627 204 2660 Arme),
224 2632 262 2660 op.
283 2631 338 2657 cit„
358 2630 405 2659 IV,
421 2638 467 2663 pp.
482 2637 541 2661 222,
558 2638 624 2663 2243
644 2633 748 2656 rettore
767 2633 795 2656 di
816 2633 941 2663 Bologna
956 2639 1004 2663 per

112 2670 131 2694 il
155 2671 228 2703 1328,
249 2670 366 2704 podesta
378 2672 407 2695 di
421 2673 534 2698 Verona
553 2674 599 2697 nel
623 2679 686 2705 1337
709 2672 811 2704 (Αιψὸ,
832 2677 871 2705 op.
886 2675 1002 2703 cit.,1V,

112 2720 139 2744 p.
164 2712 234 2743 306).
273 2713 369 2737 Venne
393 2714 465 2738 fatto
492 2716 666 2747 prigioniero
692 2715 877 2748 nell'agguato
904 2717 964 2740 ‘ceso
987 2723 1003 2739 a

112 2754 229 2778 Rivalta
248 2754 283 2779 da
309 2755 452 2788 Filippino
478 2756 612 2788 Gonzaga
636 2757 671 2781 ad
691 2756 793 2781 Obizzo
814 2755 926 2786 d’Este;
946 2758 1003 2781 rin-

111 2795 209 2819 chiuso
230 2797 301 2820 nelle
320 2797 447 2828 prigioni
460 2798 490 2822 di
504 2798 649 2827 Mantova,
664 2799 694 2822 vi
714 2796 793 2822 morl.
813 2799 1002 2828 Tnmnoscm,

112 2835 190 2860 Mem.
209 2839 269 2861 stor.
289 2837 372 2865 Mod„
391 2837 439 2868 111,
459 2846 486 2871 p.
508 2846 548 2863 11.

201 2878 211 2894 ³
231 2879 408 2904 Montecchio
426 2887 442 2903 a
465 2886 493 2911 15
515 2881 562 2905 kil.
582 2881 654 2905 circa
674 2881 708 2906 da
729 2881 836 2913 Reggio
855 2889 869 2905 e
887 2888 903 2905 a
925 2886 954 2912 17
969 2881 1002 2906 da

113 2918 221 2943 Parma.

200 2961 209 2976 ⁴
229 2962 372 2993 Querzola,
392 2965 472 2996 pieve
492 2965 565 2988 nelle
580 2967 731 2996 montagne
745 2965 772 2988 di
786 2966 903 2996 Reggio,
919 2965 1000 2988 feudo

1058 2590 1101 2615 Cf..
1123 2591 1240 2614 Morano
1261 2590 1351 2621 (Cron.
1371 2591 1440 2615 Mod.
1461 2593 1531 2621 cit.)‚
1550 2600 1576 2624 p.
1597 2599 1654 2623 229.

1146 2631 1156 2645 *ἲ
1176 2632 1215 2656 La
1240 2631 1366 2663 famigl'ia
1393 2633 1435 2656 dei
1460 2633 1504 2656 Da
1532 2633 1692 2664 Savignano
1717 2633 1749 2657 fu
1778 2635 1822 2658 ‘tra
1847 2634 1870 2657 le
1899 2633 1946 2665 piu

1058 2677 1167 2708 potenti
1197 2676 1225 2699 di
1254 2675 1383 2700 Modena.
1432 2677 1479 2701 Sul
1506 2676 1619 2700 castello
1648 2676 1675 2700 di
1703 2677 1873 2709 Savignano‚
1901 2677 1947 2701 dal

1057 2719 1137 2748 quale
1158 2719 1245 2741 trasse
1264 2718 1283 2740 il
1301 2725 1391 2747 nome,
1410 2717 1443 2742 cf.
1465 2719 1654 2748 Tmnoscm,
1667 2719 1820 2743 Dz'sz'onario
1833 2726 1892 2746 ecc„
1912 2719 1946 2748 Π,

1058 2767 1102 2791 pp.
1124 2764 1248 2789 224-302.

1145 2799 1154 2814 7
1176 2800 1215 2823 Fu
1229 2802 1323 2824 creato
1343 2801 1478 2826 cavaliere
1491 2801 1525 2825 da
1545 2801 1648 2826 Obizzo
1662 2801 1688 2825 d’
1698 2802 1760 2826 Este
1773 2809 1843 2832 poco
1857 2801 1946 2832 prima

1056 2842 1105 2865 che
1124 2841 1215 2872 questi
1240 2842 1365 2866 morisse.
1392 2842 1436 2867 Cf.
1467 2842 1560 2866 Chron.
1586 2842 1643 2867 Est.
1669 2841 1715 2874 (14
1741 2850 1833 2866 marzo
1861 2842 1948 2874 1352).

1056 2880 1176 2906 Podesta
1195 2882 1223 2905 di
1244 2882 1362 2906 Modcna
1382 2891 1429 2915 per
1449 2883 1542 2907 I'anno
1566 2882 1630 2914 1366
1650 2891 1664 2907 e
1686 2885 1748 2908 sino
1768 2884 1821 2908 ulla
1840 2884 1893 2908 fine
1918 2884 1945 2907 di

1057 2930 1149 2947 marzo
1169 2924 1212 2947 del
1234 2922 1297 2954 1367
1320 2923 1408 2953 (Mem.
1429 2925 1535 2952 Notar„
1553 2932 1598 2950 an.
1621 2923 1694 2955 1366,
1714 2925 1734 2955 Ι,
1756 2932 1784 2955 13
1804 2932 1847 2949 an.
1871 2925 1945 2957 1367,

1057 2965 1089 2994 ΙΙ,
1112 2972 1141 2995 13
1161 2965 1237 2989 Arch.
1257 2965 1317 2988 Not.
1338 2966 1367 2988 di
1384 2966 1516 2997 illodena).

1977 2557 2009 2574 20

1974 2973 2007 2997 30

2029 1745 2101 1765 Μυῖα,
2119 1744 2155 1762 ΗΒ
