2360 3603
218 877 237 891 c.
251 877 289 895 1²5
299 877 312 890 v

219 2255 239 2272 c.
257 2255 315 2273 1247·

337 2823 367 2840 10

334 3031 363 3055 15

1025 257 1334 292 CHRONICON
1364 256 1592 292 ESTENSE

2048 261 2100 295 [A.
2121 263 2213 295 1:348]

395 389 567 420 dominum
593 388 889 420 Aldrovandinum
905 387 913 404 ¹
938 388 1039 419 filium
1064 388 1234 429 quondam
1260 388 1349 419 bone
1368 387 1529 419 memorie
1545 386 1687 419 illustris
1702 394 1736 419 et
1751 387 1923 429 magnifici
1940 387 2067 419 domini
2083 386 2212 419 domini

396 442 570 484 Raynaldi
593 441 802 473 marchionis
827 441 980 473 Estensis
1004 447 1068 473 etc.

479 494 611 525 Eodem
636 493 814 525 millesimo
831 499 865 525 et
881 504 1006 525 mense.
1052 493 1138 525 Cum
1163 493 1318 524 dominus
1341 493 1566 536 Ingelmarius
1580 492 1591 509 ²
1608 493 1714 525 multa
1729 499 1889 534 operatus
1905 493 2027 525 fuisset
2044 492 2215 525 contraria

393 552 513 578 contra
537 546 708 578 dominum
732 546 966 577 marchionem
991 546 1034 577 de
1058 545 1306 587 Brandiburgo,
1330 552 1363 576 et
1386 546 1527 576 multum
1553 545 1584 576 ei
1607 546 1813 582 offenderat,
1830 546 1941 577 dictus
1956 545 2114 577 Marchio
2131 545 2216 576 fecit

392 599 502 640 ipsum
526 599 603 640 capi
627 604 661 630 et
686 599 834 630 detineri
866 605 900 630 et
930 599 1077 630 conduci
1108 598 1193 630 fecit
1223 598 1332 639 ipsum
1364 599 1407 629 ad
1439 598 1610 640 quoddam
1642 604 1790 630 castrum
1821 599 1856 629 in
1887 599 2050 630 comitatu
2079 597 2214 640 Tyroli,
2260 596 2278 628 5

394 652 529 682 nomine
554 651 713 682 Redonie
727 650 748 688 ³,
772 651 829 683 ubi
853 658 925 682 erat
948 651 1104 682 dominus
1127 650 1217 682 Octo
1241 651 1348 682 frater
1373 651 1501 682 domini
1525 650 1756 693 Inghelmarii,
1782 651 1835 682 cui
1859 651 1928 682 dici
1952 651 2047 688 fecit,
2070 650 2163 692 quod
2185 649 2213 681 si

394 703 549 735 dominus
572 703 662 735 Octo
686 703 822 735 volebat
847 702 982 735 tradere
1007 709 1153 734 castrum
1177 702 1316 735 domino
1343 703 1544 740 Marchioni‚
1568 703 1694 734 nullam
1719 703 1865 735 inferret
1888 703 2054 735 lesionem
2079 704 2114 734 in
2137 713 2214 744 per-

393 766 508 787 sonam
533 757 648 788 fratris
672 757 722 787 sui
747 757 923 797 detempti‚
948 756 1006 798 qui
1028 757 1223 797 respondit:
1248 757 1341 798 quod
1357 757 1383 788 si
1401 756 1537 788 volebat
1560 756 1738 788 restituere
1763 756 1827 788 sibi
1851 757 1991 788 fratrem
2014 767 2121 794 suum,
2148 762 2215 787 tra-

392 809 489 840 deret
511 809 576 840 sibi
593 816 751 847 castrum,
768 816 801 840 et
817 809 915 840 aliter
931 819 1009 840 non.
1056 810 1279 851 Quapropter
1295 810 1452 841 dominus
1468 809 1626 841 Marchio
1643 809 1729 841 fecit
1744 810 1853 851 ipsum
1871 808 2075 850 decapitari3
2093 808 2216 840 deinde

394 862 546 899 recessit,
571 869 604 894 et
626 863 796 904 ingressus
820 868 870 893 est
887 861 1066 893 civitatem·
1084 862 1217 900 Trenti‚
1233 862 1266 893 in
1282 862 1377 893 cuius
1393 862 1552 894 districtu
1571 861 1833 894 comburserunt
1848 863 1954 894 multa
1969 863 2068 894 bona.
2113 862 2214 893 Tunc

395 924 509 946 comes
534 915 667 946 Guritie
692 915 764 946 eius
786 915 945 946 inimicus
968 925 1044 946 cum
1069 915 1215 946 maxima
1238 915 1426 956 quantitate
1450 915 1593 946 militum
1617 921 1651 947 et
1667 915 1833 956 peditum,
1860 914 2099 956 equitaverunt
2113 924 2216 955 super

393 967 568 1000 territorio
592 968 675 999 dicti
699 968 827 999 domini
851 967 1081 1004 Marchionis;
1105 974 1316 1010 quapropter
1340 967 1497 1000 dominus
1520 967 1677 1000 Marchio
1700 977 1777 999 cum
1801 977 1861 999 suo
1887 967 2042 999 exercitu
2063 967 2215 1003 recessit,

394 1026 428 1052 et
452 1021 592 1062 ingressi
616 1027 694 1053 sunt
717 1021 914 1063 Bolcanum.

480 1073 611 1105 Eodem
634 1074 815 1105 millesimo
839 1081 873 1105 et
896 1074 1107 1115 temporibus
1130 1074 1277 1105 maxima
1300 1075 1405 1115 pestis
1428 1074 1645 1106 mortalitatis
1667 1074 1733 1106 fuit
1757 1074 1792 1104 in
1818 1073 1954 1106 civitate
1971 1073 2165 1115 Neapolim,
2180 1073 2215 1104 in

392 1137 458 1168 qua
481 1127 605 1158 mortui
629 1133 706 1158 sunt
728 1127 763 1157 in
788 1126 920 1158 duobus
944 1126 1116 1158 mensibus
1139 1132 1292 1164 LX1111¹¹¹;
1317 1133 1529 1169 quapropter
1552 1138 1610 1158 rex
1633 1126 1787 1169 Ungarie
1811 1127 1951 1158 recessit
1980 1126 2072 1164 inde,
2105 1132 2138 1158 et
2163 1125 2215 1157 in-

395 1190 529 1222 gressus
557 1186 606 1212 est
619 1203 627 1211 .
641 1203 649 1211 .
665 1204 672 1212 .
686 1204 694 1212 .

480 1233 609 1265 Eodem
633 1233 823 1270 millesimo,
848 1233 902 1264 die
927 1234 1037 1275 primo
1061 1234 1186 1265 mensis
1209 1234 1347 1275 aprelis.
1387 1235 1552 1265 Dominus
1575 1233 1759 1265 Malatesta
1776 1234 1819 1265 de
1835 1233 1995 1265 Arimino
2012 1238 2046 1264 et
2059 1231 2216 1264 dominus

395 1286 599 1318 Franciscus
622 1287 665 1318 de
690 1286 861 1318 Ordilaffis
885 1286 929 1317 de
953 1286 1104 1318 Forlivio
1136 1293 1404 1329 segregaverunt
1440 1287 1603 1318 contratis
1634 1287 1712 1324 suis,
1743 1293 1778 1319 et
1809 1286 1953 1329 ingressi
1984 1291 2062 1318 sunt
2091 1291 2214 1317 terram

391 1337 546 1380 Argente
561 1339 570 1355 ⁴
597 1340 641 1370 ad
664 1339 859 1380 hospitium,
882 1339 940 1371 ubi
963 1350 1026 1380 per
1049 1339 1200 1371 factores
1225 1340 1352 1371 domini
1377 1340 1590 1371 Marchionis
1613 1340 1771 1371 honorati
1795 1345 1872 1371 sunt
1896 1344 1962 1371 etc.

479 1391 610 1423 Eodem
627 1392 820 1430 millesimo,
837 1393 893 1424 die
912 1391 964 1430 11⁰,
984 1393 1108 1424 mensis
1124 1393 1259 1434 aprelis.
1294 1393 1449 1424 Predicti
1464 1392 1602 1425 Domini
1619 1393 1763 1435 ingressi
1778 1398 1856 1424 sunt
1872 1392 2061 1424 Bononiam
2077 1392 2121 1424 ad
2137 1402 2216 1433 par-

391 1445 576 1476 lamentum
601 1455 677 1476 cum
701 1445 840 1476 domino
856 1446 1021 1483 Bononie,
1038 1445 1192 1477 volentes
1207 1457 1327 1487 pacem
1344 1447 1522 1478 comittere
1539 1447 1630 1477 inter
1645 1447 1804 1478 comitem
1830 1445 2070 1483 Romandiole,
2094 1451 2128 1476 et
2140 1468 2148 1476 .
2162 1466 2170 1475 .
2183 1467 2192 1476 .
2205 1468 2213 1475 .

393 1498 457 1529 Die
481 1498 616 1529 veneris
638 1497 708 1529 11110
734 1498 818 1529 dicti
841 1498 965 1530 mensis
990 1505 1205 1531 recesserunt
1229 1500 1271 1530 de
1297 1499 1462 1537 Bononia,
1486 1505 1520 1531 et
1543 1499 1689 1542 ingressi
1707 1505 1783 1530 sunt
1800 1498 2122 1530 Portum-maiorem
2137 1497 2147 1513 ⁵
2164 1498 2215 1529 di-

394 1552 537 1583 scrictus
561 1551 688 1583 domini
712 1551 926 1583 Marchionis
943 1552 986 1584 ad
1002 1551 1250 1593 parlamentum
1268 1562 1344 1583 cum
1361 1552 1499 1584 domino
1516 1552 1715 1584 marchione
1739 1552 1909 1594 Obicone:
1935 1551 2063 1583 deinde
2079 1551 2214 1582 iverunt

394 1603 594 1646 Argentam‚
619 1610 652 1636 et
676 1605 852 1636 redierunt
875 1604 1027 1645 partibus
1049 1605 1127 1636 suis.

479 1657 612 1689 Eodem
635 1656 814 1688 millesimo
839 1663 872 1688 et
896 1663 1049 1698 tempore
1073 1657 1219 1689 maxima
1242 1658 1349 1699 pestis
1371 1658 1588 1690 mortalitatis
1610 1658 1676 1689 fuit
1699 1657 1733 1688 in
1764 1657 1920 1690 Venetiis
1950 1663 1984 1688 et
2014 1656 2148 1699 clugia,
2178 1656 2214 1688 in
2237 1655 2278 1687 25

393 1709 515 1752 quibus
537 1710 625 1742 locis
648 1709 801 1752 quolibet
825 1710 881 1741 die
905 1710 1176 1751 sepelliebantur
1199 1711 1292 1743 circa
1315 1715 1366 1742 V1c
1395 1721 1554 1752 corpora3
1587 1717 1621 1742 et
1644 1710 1800 1742 similiter
1831 1710 1937 1752 pestis
1968 1710 2116 1741 maxima
2146 1708 2214 1741 fuit

394 1763 427 1794 in
452 1763 592 1796 civitate
617 1763 788 1795 Pixarum.

480 1816 614 1848 Eodem
629 1816 819 1853 millesimo,
837 1817 892 1848 die
906 1840 913 1848 .
927 1840 935 1848 .
950 1841 957 1848 .
972 1841 979 1848 .
998 1817 1121 1848 mensis
1139 1817 1273 1858 aprelis.
1313 1817 1447 1849 Nobilis
1463 1824 1497 1849 et
1513 1817 1676 1849 discretus
1692 1817 1744 1848 vir
1761 1816 1918 1848 dominus
1933 1815 2213 1848 Aldrovandinus

393 1869 533 1901 estensis
556 1870 618 1900 Dei
643 1869 752 1911 gratia
777 1869 957 1911 episcopus
973 1870 1142 1901 adriensis
1157 1871 1288 1912 recepit
1304 1871 1340 1901 in
1357 1870 1516 1903 Ferraria
1532 1870 1671 1902 lieteras
1687 1870 1866 1902 electionis
1883 1869 1968 1902 dicti
1984 1869 2213 1911 episcopatus

479 1921 610 1954 Eodem
641 1921 832 1960 millesimo,
863 1923 920 1954 die
952 1932 1019 1954 xm
1047 1923 1181 1964 aprelis.
1226 1923 1390 1955 Dominus
1412 1923 1587 1966 Johannes
1611 1923 1655 1954 de
1678 1922 1817 1965 Pepulis
1839 1923 1933 1954 venit
1956 1922 2146 1954 Ferrariam
2169 1921 2213 1954 ad
2237 1922 2278 1953 30

395 1977 653 2016 parlamentum.

479 2028 611 2060 Eodem
627 2028 805 2060 millesimo
822 2034 855 2060 et
871 2039 998 2068 mense,
1014 2036 1154 2071 propter
1170 2030 1350 2061 maximam
1365 2029 1498 2061 brinam
1515 2030 1558 2061 de
1575 2029 1649 2061 celo
1667 2029 1818 2061 desicate
1835 2034 1912 2061 sunt
1927 2028 2029 2060 vinee
2046 2027 2213 2061 Ferrarie.

478 2082 611 2113 Eodem
633 2081 826 2120 millesimo,
851 2082 909 2113 die
933 2082 1067 2114 veneris
1084 2083 1192 2114 xxm⁰
1207 2083 1331 2115 mensis
1348 2083 1483 2124 aprelis.
1514 2083 1678 2114 Dominus
1695 2082 1847 2113 marchio
1864 2081 1975 2125 Obieo
1991 2081 2131 2114 estensis
2147 2087 2213 2113 etc.

387 2134 450 2167 ivit
472 2134 644 2166 Veronam
670 2144 746 2166 cum
769 2135 910 2166 decenti
933 2135 1102 2174 sotietate,
1125 2136 1183 2177 qui
1207 2145 1324 2168 omnes
1348 2135 1507 2167 honorati
1532 2141 1608 2167 sunt
1630 2135 1729 2166 valde
1753 2145 1774 2166 a
1797 2135 1936 2167 domino
1960 2134 2121 2166 Mastino.

480 2187 610 2219 Eodem
633 2187 814 2219 millesimo
839 2194 872 2219 et
887 2198 1012 2220 mense.
1060 2188 1240 2221 Exercitus
1255 2188 1386 2220 domini
1402 2188 1548 2220 Luchini
1566 2187 1798 2225 Vicecomitis,
1815 2187 1910 2219 cuius
1926 2193 2000 2219 erat
2015 2187 2214 2228 capitaneus
2237 2187 2277 2219 35

395 2240 551 2272 dominus
574 2241 790 2284 Raynaldus'
815 2241 858 2272 de
881 2240 1065 2273 Assandris
1079 2240 1100 2279 ὃ,
1124 2242 1258 2273 iverunt
1281 2242 1374 2273 circa
1397 2241 1572 2274 civitatem
1596 2241 1704 2283 Janue
1728 2241 1763 2272 in
1786 2240 1965 2273 obsidione
1988 2245 2055 2272 etc.

2241 860 2280 892 10

2243 1125 2278 1156 15

2238 1391 2279 1422 20

480 2387 504 2412 3.
523 2380 676 2405 millesimo
695 2382 722 2405 et
741 2388 789 2405 om.
808 2380 888 2407 Mun.
907 2394 915 2398 -
936 2382 1081 2405 contraria
1100 2389 1148 2405 om.
1168 2381 1245 2406 Mun.
1263 2395 1295 2399 —
1315 2389 1338 2412 4.
1359 2381 1396 2413 ei]
1416 2388 1476 2405 eum
1497 2381 1575 2405 Mun.
1595 2393 1627 2397 —
1649 2386 1672 2411 5.
1691 2380 1725 2404 ad
1745 2388 1836 2404 manca
1857 2381 1918 2404 AB
1938 2393 1968 2397 —
1989 2378 2012 2404 6.
2033 2379 2124 2403 dicere
2142 2387 2211 2404 corr.

394 2422 471 2446 MUR.
491 2435 523 2440 -—
546 2429 586 2446 11.
605 2422 717 2447 Gulitie
736 2423 760 2447 A
774 2424 799 2447 Β
818 2436 850 2440 -
873 2430 912 2454 14.
931 2423 1107 2447 Eodem...,
1127 2421 1165 2456 et]
1185 2423 1297 2447 Eisdem
1317 2423 1396 2447 Mun.
1415 2435 1447 2440 —
1470 2422 1509 2447 16.
1529 2423 1594 2453 dopo
1613 2424 1655 2446 est
1674 2424 1770 2447 lacuna
1794 2423 1818 2446 A
1832 2422 1943 2446 BMxm.
1969 2434 2001 2439 —-
2028 2428 2068 2445 21.
2095 2422 2160 2452 dopo
2183 2423 2212 2445 et

393 2465 488 2488 lacuna
507 2465 569 2488 AB
587 2465 663 2489 Mun.
683 2478 715 2483 —
736 2470 777 2496 25.
797 2465 950 2489 millesimo
969 2467 997 2489 et
1015 2473 1063 2489 om.
1082 2465 1161 2490 Mun.
1181 2478 1213 2482 —-
1233 2465 1274 2489 28.
1294 2466 1359 2495 dopo
1379 2465 1424 2489 die
1444 2466 1539 2489 lacuna
1559 2464 1705 2488 ABMun.
1725 2477 1757 2481 —
1777 2470 1818 2496 3²-
1837 2463 1990 2488 millesimo
2009 2465 2036 2487 et
2061 2471 2108 2488 om.
2134 2463 2212 2488 Mun.

482 2563 489 2579 ¹
510 2565 560 2589 Per
579 2567 678 2597 questo
692 2573 822 2596 vescon
836 2573 862 2591 V.
875 2567 904 2590 Β.
919 2566 1013 2595 chcr,
1025 2566 1066 2590 Di
1077 2566 1277 2590 aldobrandino

395 2606 489 2630 d’Este
518 2616 626 2632 vescovo
652 2608 681 2632 di
706 2609 820 2632 Modena
846 2617 858 2632 e
883 2609 913 2632 di
936 2610 1071 2638 Ferrara,
1096 2609 1126 2632 in
1154 2608 1236 2632 Atti
1264 2617 1277 2632 e

395 2649 493 2673 Mem.
526 2650 623 2674 della
656 2650 693 2675 R.
718 2651 805 2682 Dep.
838 2651 870 2675 di
901 2650 999 2675 Stor.
1031 2652 1128 2675 Patr.
1157 2659 1217 2683 per
1245 2651 1277 2675 le

394 2698 492 2722 prov.
513 2691 610 2719 Mod„
629 2691 706 2715 Serie
725 2691 759 2719 V,
779 2692 837 2716 vol.
858 2698 894 2716 ιη
913 2700 926 2716 e
945 2699 985 2723 1v,
1007 2693 1137 2723 Modena,
1159 2699 1234 2723 1904.

1333 2566 1389 2589 alla
1418 2565 1555 2597 battaglia
1581 2565 1610 2588 di
1636 2565 1796 2596 Parabiago
1827 2564 1871 2595 (²4
1897 2564 2023 2588 febbraio
2056 2562 2143 2595 1339).
2180 2562 2216 2589 G.

1331 2608 1469 2637 FLAMMA,
1495 2608 1661 2637 opusculum,
1680 2607 1745 2630 RR.
1767 2606 1803 2629 II.
1823 2605 1882 2634 SS„
1902 2605 1962 2634 XII,
1985 2604 2059 2629 1206.
2094 2604 2215 2629 Coman-

1330 2649 1415 2673 dante
1440 2649 1512 2673 delle
1540 2649 1617 2673 forze
1643 2650 1787 2672 viscontee
1813 2647 1857 2671 nel
1883 2645 2033 2671 Piemonte
2056 2646 2216 2679 (settembre

1333 2691 1421 2722 1347),
1439 2691 1517 2715 firma
1538 2692 1566 2714 in
1587 2690 1704 2714 Saluzzo
1725 2691 1734 2713 i
1753 2690 1827 2721 patti
1847 2690 1891 2713 col
1912 2689 2025 2714 Delfino
2038 2696 2053 2712 e
2066 2688 2214 2713 Giovanni

482 2731 492 2747 2
511 2732 542 2755 V.
562 2735 638 2757 retro
659 2741 673 2756 a
693 2741 719 2765 p.
742 2741 799 2765 139,
820 2742 847 2757 n.
867 2741 893 2765 3.
1330 2734 1486 2765 Paleologo
1515 2735 1543 2757 in
1570 2731 1680 2764 qualita
1705 2733 1735 2756 di
1761 2733 1949 2765 “capitaneus
1973 2731 2112 2755 exercitus
2137 2731 2162 2755 d.
2188 2730 2216 2755 d.
2243 2740 2277 2757 20

482 2773 492 2789 ³
511 2775 739 2800 Probabilmente
758 2776 904 2807 Rendena,
923 2777 999 2801 nella
1025 2777 1099 2801 valle
1124 2777 1278 2805 omonima,
1332 2775 1345 2787 “
1357 2775 1539 2806 Mediolani„
1559 2774 1679 2805 (Lx-nuo,
1702 2774 1787 2798 Codex
1805 2775 1871 2804 dipl.
1893 2774 1965 2801 Ital„
1983 2773 2004 2803 Ι,
2024 2772 2098 2804 406).
2135 2771 2215 2804 Capo

395 2817 439 2840 nel
462 2817 610 2847 Tmutino,
631 2825 726 2849 presso
745 2818 848 2843 Tione.
1330 2817 1403 2841 delle
1414 2819 1513 2849 truppe
1526 2817 1570 2841 dei
1582 2816 1712 2840 visconti
1725 2818 1754 2840 in
1766 2816 1896 2840 Toscana
1908 2816 1953 2839 nel
1968 2821 2032 2846 1352
2045 2814 2085 2846 (P.
2097 2816 2214 2846 AzARu,

481 2856 490 2872 '²
509 2859 635 2891 Argenta
655 2867 670 2884 a
690 2867 722 2891 34
742 2860 793 2884 kil.
820 2861 855 2884 da
875 2861 999 2886 Ferrara.
1331 2860 1413 2883 Liber
1429 2863 1566 2891 gestorum
1586 2859 1611 2882 in
1632 2859 1801 2888 Lombardia,
1824 2859 1887 2882 RR.
1910 2858 1948 2881 II.
1961 2857 2021 2887 SS.,
2041 2856 2113 2886 XVI,
2131 2856 2162 2881 P.
2174 2863 2215 2886 zv,

481 2899 492 2915 ⁵
511 2900 745 2933 Portomaggiore
765 2910 779 2925 a
799 2907 831 2934 74
851 2902 901 2926 kil.
921 2903 955 2926 da
975 2902 1091 2927 Ferrara
1110 2910 1124 2926 e
1144 2911 1157 2927 a
1187 2909 1217 2926 10
1243 2903 1278 2927 da
1331 2909 1357 2933 p.
1378 2901 1417 2931 58,
1438 2909 1464 2924 n.
1484 2900 1546 2931 ed.).
1585 2899 1624 2923 Le
1641 2901 1713 2924 torri
1728 2900 1801 2932 degli
1823 2899 1962 2923 Assandri
1978 2899 2008 2923 in
2022 2898 2159 2922 Mantova
2173 2898 2215 2921 fu-

396 2942 531 2973 Argenta.
1332 2951 1403 2967 rono
1424 2943 1567 2966 diroccate
1592 2950 1640 2974 per
1669 2943 1768 2966 ordine
1793 2942 1836 2965 del
1864 2941 1990 2965 Comune
2016 2941 2060 2964 nel
2088 2945 2164 2971 1250,
2190 2948 2214 2964 v.
2243 2946 2274 2971 25

479 2982 490 2998 ⁶
509 2984 544 3007 Di
567 2985 661 3008 nobile
682 2984 812 3017 famiglia
825 2985 1010 3016 Mantovana,
1025 2987 1213 3017 imparentata
1233 2988 1276 3010 coi

393 3026 570 3055 Bonaecolsi,
590 3026 673 3058 passo
687 3028 714 3051 al
729 3029 853 3052 servizio
867 3028 910 3052 dei
926 3028 1065 3052 visconti.
1104 3029 1186 3052 Prese
1199 3029 1278 3059 parte

1332 2987 1460 3017 DAVAR1‚
1475 2986 1584 3010 Notizie
1596 2989 1658 3010 δίον.
1673 2989 1761 3017 topog.
1775 2986 1848 3009 della
1861 2985 1927 3009 citt&
1938 2985 1968 3008 di
1979 2985 2119 3012 Blauto-va,
2134 2992 2160 3016 p.
2173 2982 2215 3014 69,

1334 3028 1480 3056 Mantova,
1503 3034 1578 3059 1903.
