2360 3603
201 1400 219 1414 c.
233 1393 280 1417 8ον

364 247 433 283 1Οὸ
990 242 1301 278 CHRONICON
1329 241 1558 278 ESTENSE
1890 247 1972 281 [ΑΑ.
1993 248 2186 281 1335-1336]

355 383 514 414 estenses‚
538 377 804 417 segregaverunt
829 370 967 402 civitate
993 370 1148 402 Ferrarie
1173 380 1249 401 cum
1273 380 1394 413 magno
1419 368 1572 400 exercitu
1596 368 1801 410 equestrium
1825 375 1858 400 et
1880 369 2042 410 peditum,
2068 376 2100 401 et
2123 371 2187 402 iter

355 429 568 471 arripuerunt
592 426 762 459 civitatem
786 424 929 462 Mutine,
954 422 1012 454 ubi
1035 423 1185 464 dapnum
1208 422 1390 454 maximum
1413 422 1572 454 fecerunt
1580 434 1588 458 ;
1614 427 1647 452 et
1670 427 1811 462 propter
1838 422 2003 453 acriorem
2032 422 2188 455 obsedio-

354 494 431 514 nem
457 481 600 513 civitatis
622 479 892 510 fortificaverunt
915 475 1032 507 turrim
1054 475 1189 517 Bungni
1205 475 1224 512 ¹,
1242 486 1307 517 que
1333 481 1383 506 est
1405 484 1522 506 versus
1545 474 1705 515 Regium,
1729 480 1762 505 et
1778 480 1911 515 portam
1927 475 2035 506 sancti
2055 475 2188 518 Lagari,

354 545 420 577 que
443 533 535 565 vadit
557 542 672 564 versus
696 529 893 562 Bononiam.
936 527 969 559 A
993 528 1098 559 latere
1121 527 1250 559 Finalis
1274 528 1545 565 hedificaverunt
1569 526 1747 564 bastiliam,
1766 527 1799 557 in
1815 537 1882 568 qua
1903 527 2121 560 morabantur
2137 539 2188 560 se-

355 588 479 620 curiter
502 586 593 617 iuxta
617 584 787 619 canalem;
813 588 846 614 et
863 582 956 613 circa
972 580 1144 612 civitatem
1161 590 1224 621 per
1239 586 1344 612 totum
1362 580 1548 612 exercitum
1565 579 1810 612 habundabant
1830 580 1941 611 omnia
1966 580 2013 612 eis
2038 591 2188 613 necesse.

355 640 399 671 Et
421 640 580 670 fecerunt
603 636 753 678 undique
777 633 926 676 splanari
949 633 1041 664 circa
1065 632 1246 671 civitatem,
1264 638 1297 664 et
1314 642 1396 674 sepe
1421 632 1628 665 adinvicem
1644 631 1876 673 preliabantur
1895 642 1970 663 cum
1993 633 2190 664 intrinxecis

355 691 480 725 domini
502 688 678 721 Mansredi
702 687 829 720 domini
853 687 943 718 dicte
968 685 1121 717 civitatis.
1163 685 1264 716 Tunc
1289 685 1445 716 dominus
1461 685 1615 716 marchio
1632 684 1835 727 Raynaldus
1851 695 1969 726 passus
1988 691 2037 716 est
2052 685 2188 716 infirmi-

354 752 471 782 tatem3
496 747 706 786 quapropter
728 741 839 782 ipsum
863 740 1030 771 duxerunt
1055 739 1263 775 Ferrariam3
1289 738 1484 780 relinquens
1513 749 1589 769 cum
1622 739 1773 770 exercitu
1804 737 1976 769 dominum
2007 738 2188 770 Nicolaum

354 797 598 833 marchionem,
622 799 657 825 et
680 792 847 825 bastiliam
871 791 959 823 bene
983 790 1148 822 fulcitam.
1196 790 1241 822 Et
1263 790 1324 822 ivit
1347 797 1493 823 castrum
1518 790 1721 833 Formiginis
1734 790 1755 828 2,
1781 796 1815 821 et
1829 789 1877 821 ibi
1893 790 2035 822 firmavit
2060 791 2190 822 exerci-

357 858 425 883 tum
449 860 556 887 suum,
580 846 639 879 ubi
662 851 826 878 steterunt
849 844 946 880 satis;
971 850 1023 875 set
1044 843 1172 875 habere
1197 854 1264 875 non
1287 849 1471 886 potuerunt
1496 843 1678 881 civitatem,
1702 849 1845 884 propter
1869 842 2038 874 sinistrum
2056 849 2090 874 et
2113 853 2189 874 cru-

355 903 432 935 dele
456 908 588 943 tempus
610 899 728 943 yemis,
753 898 846 940 quod
870 902 952 933 erat,
977 896 1125 937 oportuit
1149 904 1207 927 eos
1230 896 1395 928 recedere
1414 897 1456 928 de
1474 895 1567 927 dicto
1592 895 1687 932 loco3
1705 901 1738 927 et
1753 895 1881 926 reversi
1897 901 1973 927 sunt
1989 895 2189 932 Ferrariam,

353 963 466 989 tamen
489 953 654 986 hastiliam
678 950 833 983 fulcitam
856 949 983 991 optime
1008 955 1042 981 et
1065 949 1205 980 firmiter
1228 958 1290 990 pro
1316 949 1364 980 eis
1379 949 1599 991 reliquerunt.

442 1008 573 1040 Eodem
595 1004 772 1037 millesimo
797 1008 831 1034 et
853 1012 979 1034 mense.
1002 1002 1168 1033 Dominus
1190 1001 1339 1033 Karolus
1362 1001 1450 1032 filius
1466 1001 1558 1044 regis
1574 1001 1712 1033 Boemie
1733 1012 1808 1033 cum
1832 1001 1949 1033 militia
1972 1002 2118 1032 maxima
2142 1001 2192 1032 111-

354 1062 455 1095 travit
479 1060 649 1093 civitatem
673 1058 805 1089 Parme.
851 1055 1054 1087 Parmenses
1076 1065 1158 1087 vero
1183 1055 1370 1087 honorifice
1393 1060 1599 1096 receperunt
1621 1065 1698 1085 eum
1723 1065 1799 1086 cum
1825 1054 1979 1086 omnibus
2003 1054 2080 1086 suis.

441 1115 572 1147 Eodem
602 1111 780 1144 millesimo
812 1109 868 1141 die
892 1119 941 1140 xv
963 1108 1087 1140 mensis
1107 1108 1192 1151 junii
1214 1109 1249 1140 in
1273 1108 1362 1140 festo
1387 1107 1549 1150 Corporis
1573 1107 1700 1140 Christi
1724 1108 1758 1138 in
1782 1108 1921 1140 civitate
1953 1108 2074 1139 Parme
2110 1118 2191 1139 con-

354 1174 531 1213 gregatum
556 1172 607 1198 est
630 1163 807 1197 consilium
830 1162 1011 1194 maximum
1035 1162 1127 1194 circa
1150 1164 1303 1193 ΜΜνῙΠΙο
1326 1161 1491 1199 homines,
1515 1162 1550 1192 in
1574 1171 1640 1203 quo
1669 1160 1848 1203 eligerunt,
1879 1166 1914 1192 et
1946 1161 2194 1193 constituerunt

355 1221 535 1265 quemdam
558 1217 735 1254 sindicum,
767 1215 822 1248 cui
854 1220 1094 1247 concesserunt
1117 1213 1242 1245 baliam
1265 1215 1412 1256 plenam,
1445 1224 1546 1256 quem
1578 1213 1775 1245 direxerunt
1806 1212 1941 1245 domino
1973 1213 2121 1246 Mastino
2159 1219 2193 1245 et

354 1275 497 1307 Alberto
520 1271 681 1304 fratribus
705 1270 749 1301 de
773 1269 805 1300 la
828 1268 931 1300 Scala
958 1269 1003 1300 ad
1034 1267 1313 1300 denunciandum
1342 1267 1389 1299 eis
1421 1267 1688 1299 dominationem
1718 1266 1863 1298 civitatis
1893 1266 2027 1305 Parme,
2059 1267 2095 1298 in
2125 1276 2192 1308 quo

355 1327 507 1364 consilio,
532 1324 685 1366 exceptis
707 1322 814 1354 tribus
837 1321 1039 1359 hominibus,
1063 1330 1182 1352 omnes
1206 1321 1360 1352 contenti
1384 1320 1532 1352 fuerunt.

442 1379 575 1412 Eodem
598 1375 773 1408 millesimo
797 1374 853 1406 die
877 1384 940 1405 XXI
965 1373 1089 1406 mensis
1111 1373 1205 1416 junii.
1229 1373 1396 1405 Dominus
1419 1372 1583 1405 Albertus
1600 1373 1642 1405 de
1660 1373 1692 1404 la
1707 1372 1810 1405 Scala
1826 1383 1903 1404 cum
1920 1373 2067 1404 maxima
2083 1383 2189 1414 quan-

356 1434 451 1466 titate
474 1431 615 1464 militum
639 1435 674 1461 et
696 1428 849 1470 peditum
874 1438 914 1459 ac
946 1427 1117 1468 triumpho
1140 1426 1284 1458 maximo
1317 1426 1375 1458 ivit
1408 1432 1441 1458 et
1464 1426 1601 1458 intravit
1628 1426 1797 1458 civitatem
1829 1425 1961 1463 Parme,
1992 1424 2050 1456 ubi
2075 1425 2108 1456 in
2132 1435 2193 1466 pu-

356 1487 445 1519 blico
477 1484 618 1518 consilio
649 1482 854 1513 Parmenses
885 1480 1055 1522 eligerunt
1094 1485 1129 1511 et
1165 1479 1412 1511 constituerunt
1450 1479 1625 1510 dominum
1656 1478 1853 1521 generalem
1885 1477 2029 1510 civitatis
2059 1478 2193 1515 Parme,

356 1540 498 1581 eiusque
521 1536 703 1574 districtuS,
726 1534 898 1576 prefatum
923 1533 1097 1565 dominum
1120 1531 1299 1564 Albertum
1324 1532 1367 1563 de
1392 1532 1422 1563 la
1451 1532 1563 1564 Scala.
1610 1532 1691 1564 Post
1714 1531 1831 1563 horam
1856 1541 1991 1569 nonam,
2022 1531 2077 1562 die
2106 1530 2194 1573 jovis

356 1591 528 1635 sequentis
540 1589 562 1628 ³,
587 1588 834 1621 constituerunt
856 1592 1058 1628 potestatem
1081 1585 1204 1617 Parme
1229 1585 1403 1617 dominum
1428 1585 1662 1617 Guttifredum
1687 1585 1729 1616 de
1756 1584 1857 1616 Sesso
1883 1585 1926 1616 de
1950 1584 2072 1626 Regio.

443 1645 576 1677 Eodem
591 1641 767 1674 millesimo
793 1641 836 1673 de
861 1650 976 1672 mense
1000 1638 1158 1672 octubris.
1183 1638 1348 1671 Dominus
1372 1638 1539 1670 Mastinus
1564 1639 1606 1670 de
1623 1638 1656 1669 13
1673 1637 1775 1669 Scala
1790 1638 1851 1670 ivit
1875 1638 2046 1670 civitatem
2070 1637 2193 1669 Parme

359 1699 542 1732 antedicte.

1123 1798 1428 1841 MCCCXXXVJ.

444 1885 508 1917 Die
531 1885 649 1917 ultimo
674 1880 875 1914 decembris.
923 1880 1079 1913 Summus
1109 1879 1269 1922 Largitor
1300 1879 1450 1911 omnium
1474 1878 1640 1911 bonorum
1673 1884 1706 1910 et
1735 1884 1869 1910 creator
1899 1884 2018 1909 nature
2049 1877 2195 1908 humane

357 1939 491 1971 vocavit
513 1944 546 1970 et
568 1936 675 1969 voluit
697 1935 789 1978 apud
812 1944 847 1966 se
871 1934 1019 1966 animam
1043 1932 1142 1976 probi
1160 1939 1194 1964 et
1209 1932 1315 1964 virilis
1332 1932 1460 1964 domini
1479 1932 1607 1964 domini
1631 1931 1804 1975 Raynaldi
1828 1931 2037 1963 marchionis
2053 1930 2196 1962 estensis

357 1998 510 2033 tempore
533 1989 655 2022 noctis.
702 1988 766 2019 Die
791 1997 819 2019 11
843 1986 967 2019 mensis
989 1985 1137 2030 januarii
1160 1985 1328 2028 sepultum
1344 1985 1411 2017 fuit
1427 1985 1499 2016 eius
1515 1995 1640 2026 corpus
1655 1983 1846 2016 honorifice
1862 1983 1908 2016 ad
1925 1983 2036 2015 locum
2053 1983 2196 2014 fratrum

360 2045 532 2077 Minorum
557 2043 591 2074 in
614 2041 764 2080 Feraria,
789 2041 885 2072 cuius
908 2039 1080 2082 sepulture
1104 2039 1333 2071 interfuerunt
1356 2038 1405 2069 illi
1430 2038 1473 2069 de
1499 2038 1663 2081 Goncaga
1687 2037 1816 2070 domini
1846 2037 1999 2074 Mantue,
2023 2035 2196 2068 3111113313-

359 2103 451 2129 tores
474 2096 686 2128 dominorum
710 2094 754 2125 de
777 2094 811 2125 la
835 2092 947 2130 Scala,
972 2098 1005 2123 et
1027 2091 1086 2124 alii
1110 2091 1217 2131 multi,
1241 2091 1299 2134 qui
1322 2090 1508 2123 induerunt
1532 2100 1566 2122 se
1583 2091 1692 2134 nigro,
1709 2095 1836 2122 etcum
1853 2089 1946 2121 omni
1962 2089 2028 2121 alio
2052 2088 2196 2120 maximo

359 2151 500 2181 honore.

447 2203 580 2234 Eodem
602 2199 781 2232 millesimo
805 2209 883 2231 xvn
907 2198 1033 2231 mensis
1054 2197 1202 2240 januarii
1224 2197 1260 2228 in
1283 2197 1375 2229 festo
1406 2197 1515 2229 sancti
1547 2195 1711 2229 Anthonii
1741 2196 1890 2228 monaci.
1937 2195 2078 2227 Flumen
2109 2194 2196 2226 Padi

361 2255 468 2288 crevit
490 2254 629 2286 multum
654 2258 688 2284 et
711 2251 814 2294 fregit
838 2260 937 2294 arger
960 2250 996 2281 111
1019 2250 1135 2282 multis
1159 2250 1254 2282 locis.
1300 2250 1402 2281 Tunc
1426 2249 1490 2281 fuit
1512 2255 1580 2281 tam
1603 2249 1785 2280 maximum
1810 2248 1929 2291 frigus,
1954 2248 2047 2290 quod
2070 2247 2195 2279 flumen

361 2314 467 2340 totum
493 2305 686 2343 conielavit‚
710 2304 822 2336 taliter
845 2302 937 2346 quod
961 2308 1081 2346 gentes
1105 2302 1293 2335 transibant
1315 2302 1447 2334 Padum
1471 2311 1572 2344 super
1596 2302 1742 2344 glaciem
1767 2307 1831 2334 etc.

447 2361 578 2392 Eodem
602 2358 780 2390 millesimo
804 2358 847 2388 de
872 2367 988 2388 mense
1010 2356 1136 2398 aprilis.
1183 2356 1379 2398 Capitulum
1402 2355 1614 2397 provinciale
1637 2356 1779 2387 fratrum
1802 2354 1973 2387 Minorum
1996 2354 2124 2386 factum
2149 2359 2199 2385 est

361 2415 396 2445 in
422 2412 588 2450 Ferraria,
612 2411 656 2443 ad
679 2411 771 2453 quod
794 2410 942 2442 adcessit
964 2410 1071 2441 frater
1094 2409 1250 2446 Lerinus‚
1274 2408 1332 2452 qui
1357 2408 1539 2451 diligenter
1563 2408 1753 2449 predicavit
1776 2408 1918 2440 verbum
1941 2407 2016 2439 Dei.

448 2466 580 2498 Eodem
602 2463 781 2496 millesimo
805 2462 860 2494 die
878 2472 927 2500 xr,
943 2462 1070 2494 mensis
1094 2461 1207 2494 madii.
1231 2461 1397 2493 Dominus
1419 2461 1571 2492 marchio
1588 2460 1699 2504 Obico
1724 2460 1864 2492 estensis
1888 2460 2028 2492 recessit
2050 2458 2093 2490 de
2117 2460 2199 2492 Fer-

360 2519 449 2551 raria
473 2529 548 2551 cum
571 2515 763 2549 honorabili
786 2515 918 2554 militia,
942 2515 1069 2558 ivitque
1092 2515 1137 2546 ad
1161 2514 1319 2556 ospitium
1353 2513 1550 2546 Galeriam⁴
1574 2513 1608 2545 in
1632 2513 1786 2545 districtu
1814 2513 1967 2545 Bononie
1991 2512 2035 2544 ad
2059 2512 2196 2544 domum

451 2649 474 2674 3.
491 2644 579 2674 prima
599 2642 717 2673 Burgnii
735 2642 763 2664 in
783 2641 817 2668 Α,
827 2641 874 2671 poi
891 2642 996 2671 espunto
1009 2647 1021 2663 r
1034 2647 1047 2662 e
1062 2642 1133 2670 posto
1152 2639 1215 2662 sull'
1226 2639 1364 2663 z'nterlineo
1384 2647 1403 2663 11
1417 2639 1539 2672 Bungnii
1553 2639 1594 2666 A:
1614 2639 1720 2670 Bur-gni
1733 2638 1775 2665 B,·
1789 2637 1874 2669 Burgi
1894 2637 1971 2662 MUR.
1993 2651 2024 2654 —
2039 2641 2062 2667 5.
2078 2635 2197 2667 necesse]

364 2686 514 2710 necessaria
533 2685 610 2709 Mun.
630 2696 663 2701 —
685 2689 724 2707 10.
739 2683 830 2713 prima
848 2682 878 2704 di
894 2683 1010 2712 propter
1029 2681 1106 2706 Mun.
1125 2688 1184 2712 agg.
1204 2688 1268 2705 narn
1283 2695 1314 2698 —
1338 2688 1376 2712 14.
1390 2681 1433 2704 nel
1445 2682 1563 2711 margine
1577 2681 1606 2703 dz'
1623 2681 1731 2703 sinistra
1745 2680 1774 2702 in
1787 2679 1829 2702 A:
1852 2678 2040 2710 [Paerenses
2059 2678 2199 2709 eligerunt

363 2727 490 2751 dominos
512 2724 660 2757 [sindi]cos
678 2723 804 2748 civitatis
816 2723 914 2748 Parme
929 2723 1059 2746 dominos
1072 2721 1248 2754 [maJstinum
1262 2724 1289 2746 et
1307 2722 1444 2747 albertum
1459 2722 1491 2746 de
1506 2721 1544 2753 [la
1556 2721 1643 2753 s]cala
1658 2735 1689 2738 —-
1704 2726 1745 2744 20.
1760 2721 1803 2743 nel
1821 2721 1940 2751 margine
1953 2721 1983 2743 di
1994 2720 2102 2743 sinistra
2114 2720 2142 2742 in
2156 2719 2179 2742 A
2189 2728 2196 2742 :

365 2769 493 2792 dominus
512 2767 641 2791 Albertus
660 2766 692 2789 de
711 2766 737 2789 la
754 2765 832 2789 Scala
851 2765 971 2789 intravit
989 2764 1133 2788 civitatem
1153 2765 1250 2788 Parme
1269 2765 1296 2788 et
1314 2764 1492 2788 confirmatus
1511 2763 1641 2787 dominus
1659 2762 1798 2794 generalis
1817 2762 1890 2786 dicte
1909 2762 2031 2786 civitatis
2045 2775 2076 2778 —
2098 2761 2137 2785 28.
2158 2760 2201 2784 nel

364 2810 482 2841 margine
501 2809 530 2832 di
547 2809 655 2832 sinistra
674 2809 703 2830 in
721 2807 762 2830 A:
784 2814 858 2830 mors
877 2805 1018 2838 magnifici
1033 2805 1141 2829 domini
1154 2805 1262 2829 domini
1280 2806 1420 2838 Raynaldi
1440 2805 1611 2830 marchionis
1625 2804 1741 2829 estensis
1760 2805 1788 2827 in
1807 2803 1920 2828 Feraria
1934 2817 1966 2820 —
1980 2809 2021 2834 32.
2041 2810 2102 2827 cum
2122 2803 2198 2826 omni

365 2851 432 2883 alio]
451 2859 513 2875 cum
531 2851 587 2875 alio
606 2850 631 2873 B
650 2849 727 2874 Mun.
748 2863 780 2867 —-
799 2855 844 2880 34.
861 2848 965 2872 Eodem
980 2846 1138 2879 millesimo]
1159 2847 1203 2872 die
1222 2847 1299 2873 Mun.
1321 2861 1352 2865 —
1372 2848 1414 2879 38.
1435 2846 1566 2879 Lerinus]
1587 2847 1705 2871 Lernius
1724 2847 1749 2869 B
1768 2847 1844 2871 Mun.

454 2947 461 2963 ¹
482 2949 585 2973 Vicino
605 2955 620 2972 a
639 2947 759 2972 Modena
778 2954 872 2978 presso
892 2947 918 2971 la
937 2948 1019 2978 porta
1043 2946 1070 2970 di
1091 2945 1254 2970 Cittanova.
1399 2942 1409 2959 ³
1430 2951 1461 2968 22
1481 2945 1597 2976 giugno.

453 2988 463 3005 ²
482 2990 643 3021 Formigine
663 2996 677 3012 a
701 2995 729 3012 11
750 2988 797 3012 kil.
817 2988 882 3012 S-O.
901 2987 935 3012 da
954 2987 1083 3012 Modena.
1399 2985 1409 3001 ⁴
1430 2987 1553 3011 Galliera
1573 2993 1588 3010 a
1608 2993 1642 3018 30
1660 2986 1706 3010 kil.
1726 2986 1760 3010 N.
1781 2986 1815 3010 dn.
1834 2985 1967 3017 Bologna.

2212 844 2253 874 10

2219 1107 2270 1139 15=

2215 1373 2256 1403 20

2218 1636 2258 1668 25

2219 1983 2262 2014 30

2219 2247 2259 2278 35

2221 2512 2262 2542 40

2233 2983 2264 3001 10
