2360 3603
119 232 170 268 [Α.
190 234 282 268 1350]
745 227 1057 262 CHRONICON
1087 227 1314 262 ESTENSE
1861 227 1930 261 169

116 357 383 389 vulneraverunt
405 357 500 389 illum
524 358 683 389 iuvenem
699 363 917 389 accusatum:
943 367 1009 399 que
1025 357 1183 389 videntes
1207 359 1298 389 cives
1315 357 1473 395 civitatis,
1496 364 1624 389 armata
1640 367 1742 388 manu
1760 358 1933 388 irruerunt

117 410 151 440 in
174 410 420 447 Theotonicos‚
444 416 478 441 et
493 410 708 441 commissum
725 409 851 441 bellum
870 415 921 441 est
936 420 977 441 ex
992 416 1137 452 utraque
1153 416 1262 450 parte.
1306 410 1407 441 Tunc
1425 411 1583 442 domiuus
1599 410 1761 441 Albertus
1777 416 1811 441 et
1824 410 1933 441 domi-

115 473 177 494 nus
199 462 303 494 Canis
326 462 456 494 domini
481 463 631 499 Vemne,
654 463 836 494 audientes
851 463 928 502 hec,
953 469 1159 494 cucurerunt
1181 463 1226 494 ad
1250 463 1376 494 bellum
1401 463 1588 494 clamantes
1605 462 1684 494 altis
1701 462 1857 494 vocibus:
1874 463 1934 501 fiat

115 520 252 557 tregua,
268 519 301 546 et
322 516 383 557 qui
402 520 561 557 mortuus,
585 515 641 547 vel
653 516 847 547 vulneratus
871 521 928 555 est,
951 516 996 546 sit
1017 516 1088 546 sine
1102 516 1264 550 vindz'cta;
1290 521 1322 547 et
1346 515 1405 547 tali
1422 516 1523 546 modo
1541 515 1667 546 bellum
1692 515 1850 546 remansit
1867 521 1933 546 etc.

75 568 93 599 5
203 568 336 600 Eodem
359 568 538 599 millesimo
563 574 596 599 et
619 578 745 599 mense.
792 568 956 600 Dominus
973 568 1148 610 Johannes
1171 567 1299 599 domini
1324 567 1467 610 Ricardi
1490 568 1533 599 de
1558 568 1749 599 Manfredis
1773 568 1932 599 obtinens

115 621 288 653 civitatem
312 622 487 659 Faventie,
512 627 545 652 et
568 621 724 652 dominus
750 621 952 653 Franciscus
968 621 1012 652 de
1036 620 1214 652 Ordelaffis
1229 621 1387 652 obtinens
1401 621 1662 657 Brettenorium‚
1679 628 1761 653 tunc
1777 621 1934 651 dominus

113 684 204 715 papa
227 673 388 706 Clemens
409 679 525 705 sextus
547 673 667 704 volens
691 683 897 715 recuperare
920 672 1078 715 predicta
1101 673 1188 710 loca,
1214 673 1338 704 direxit
1362 673 1487 704 Ymole
1518 673 1676 704 comitem
1701 672 1931 704 Romandiole

114 726 319 767 predictum,
343 737 408 768 que
434 726 560 757 Ymola
577 725 756 758 tenebatur
779 736 841 767 pro
866 726 1030 757 Ecclexia
1053 736 1129 757 cum
1152 725 1299 756 maxima
1322 725 1510 767 quantitate
1533 727 1684 766 gentium
1709 726 1928 767 equestrium,

113 784 147 810 et
169 779 325 820 peditum
349 779 394 810 ad
417 779 590 820 stipendia
613 779 780 816 Ecclesie,
804 779 906 810 etiam
930 789 1007 810 cum
1032 779 1157 810 auxilio
1181 779 1334 820 gentium
1359 778 1488 809 domini
1511 778 1767 819 archiepiscopi
1796 778 1931 809 Medio—

53 832 90 863 10
114 831 192 870 lani,
216 832 343 863 domini
366 832 573 863 marchionis
597 831 761 873 Obiconis
785 832 938 868 estensis,
963 832 1091 863 domini
1115 831 1254 862 Mastini
1278 832 1320 862 de
1346 831 1378 862 la
1400 830 1503 862 Scala
1526 837 1559 862 et
1583 831 1796 862 dominorum
1820 831 1932 862 Bono-

113 884 181 921 nie,
205 885 261 926 qui
285 895 401 916 omnes
423 884 583 916 auxilium
610 885 784 916 dederunt
807 884 935 916 Comiti
952 894 1014 925 pro
1031 884 1200 916 Ecclesia.
1225 883 1269 915 Et
1285 894 1327 915 ex
1350 884 1416 915 alia
1440 890 1537 924 parte
1555 884 1712 915 dominus
1728 884 1755 914 F
1758 884 1933 915 ranciscus

114 937 156 969 de
174 937 355 969 Ordelaffis
378 944 411 968 et
434 937 593 968 dominus
615 937 789 978 Johannes
813 938 855 969 de
879 935 1077 968 Manfredis
1100 936 1264 968 antedicti
1288 936 1450 967 miserunt
1473 937 1610 968 domino
1638 936 1716 967 duci
1741 936 1931 967 Guaruerio

113 990 294 1031 capitaneo
313 1000 436 1032 magne
460 989 664 1026 Societatis‚'
687 996 725 1021 ut
748 990 905 1021 celeriter
929 990 973 1021 ad
991 1000 1050 1021 eos
1065 990 1250 1021 accederet
1266 999 1343 1020 cum
1361 988 1518 1020 omnibus
1534 988 1691 1031 gentibus
1708 989 1799 1021 dicte
1817 987 1929 1019 Sotie-

113 1042 204 1080 tatis,
228 1043 285 1084 qui
308 1043 359 1074 sic
383 1043 552 1079 fecerunt,
578 1049 613 1073 et
635 1043 851 1083 aplicuerunt
872 1042 921 1073 ibi
946 1043 1001 1074 die
1026 1042 1161 1073 veneris
1185 1041 1252 1072 vn⁰
1276 1041 1400 1072 mensis
1423 1040 1540 1072 madii.

53 1095 88 1126 15
200 1096 332 1127 Eodem
362 1095 552 1133 millesimo,
577 1096 631 1127 die
660 1095 697 1126 x⁰
725 1095 850 1127 mensis
872 1095 985 1127 madii.
1031 1095 1195 1126 Dominus
1228 1095 1433 1126 Franciscus
1464 1095 1506 1125 de
1543 1094 1723 1126 Ordelaffis
1754 1094 1934 1136 predictus

113 1148 231 1180 habuit
253 1159 368 1180 arcem
391 1148 595 1186 Bertenorii‚
620 1149 713 1180 circa
737 1158 837 1190 quam
862 1154 1095 1190 permanserat
1118 1157 1194 1178 cum
1219 1147 1287 1178 suis
1311 1158 1372 1189 per
1402 1147 1505 1178 trium
1537 1147 1704 1178 mensium
1727 1147 1884 1188 spatium,
1900 1152 1933 1178 et

112 1201 206 1242 prius
227 1201 410 1233 tenebatur
433 1211 496 1242 pro
522 1200 692 1232 Ecclesia.

198 1254 329 1285 Eodem
353 1253 531 1285 millesimo
556 1260 590 1285 et
613 1263 740 1285 mense.
785 1252 911 1285 Comes
934 1253 1167 1286 Romandiole
1193 1263 1269 1284 cum
1294 1258 1366 1284 toto
1391 1253 1543 1284 exercitu
1566 1254 1708 1284 recessit
1730 1251 1773 1283 de
1798 1252 1932 1290 Ymola‚

112 1313 145 1338 et
167 1307 309 1349 ingressi
325 1312 401 1339 sunt
424 1307 601 1338 civitatem
618 1307 791 1343 Faventie,
808 1312 841 1338 et
857 1307 1112 1338 castramentati
1129 1312 1207 1337 sunt
1230 1305 1273 1337 ad
1290 1305 1433 1337 Pontem
1449 1306 1559 1337 sancti
1577 1305 1715 1337 Proculi
1731 1306 1740 1321 ¹
1758 1305 1932 1336 districtus

48 1360 89 1391 20
112 1360 288 1392 Faventie.

198 1413 328 1445 Eodem
351 1413 530 1444 millesimo
554 1419 588 1444 et
610 1422 736 1444 mense.
784 1412 950 1444 Dominus
973 1412 1171 1445 Kardinalis
1194 1412 1327 1454 legatus
1344 1412 1569 1453 congregavit
1592 1412 1625 1443 in
1650 1411 1788 1443 civitate
1814 1411 1930 1442 Padue

111 1465 292 1497 consilium
316 1476 475 1508 magnum
500 1466 543 1497 de
568 1465 669 1497 cleris
693 1465 911 1502 Lombardie,
935 1465 1077 1497 Forlivii
1101 1471 1136 1497 et
1159 1464 1317 1496 Marchie
1341 1465 1557 1496 anconitane.

198 1518 330 1550 Eodem
347 1519 536 1556 millesimo,
560 1518 655 1550 X1111⁰
671 1519 787 1550 madii.
828 1519 951 1551 Comes
974 1518 1201 1550 Romandiole
1218 1528 1281 1559 per
1305 1518 1372 1549 vim
1390 1518 1482 1559 cepit
1494 1517 1638 1550 Pontem
1655 1519 1765 1549 sancti
1781 1517 1932 1554 Proculi,

111 1571 178 1603 alio
202 1572 268 1612 die,
293 1578 406 1603 amoto
430 1572 593 1607 exercitu,
615 1572 761 1614 ingressi
785 1577 864 1603 sunt
887 1570 1101 1603 Solarolum²
1127 1578 1191 1602 etc.

46 1623 86 1655 25
198 1624 329 1656 Eodem
360 1624 551 1666 millesimo,
583 1624 646 1655 xx⁰
676 1623 790 1656 madii.
845 1624 977 1656 Gentes
1008 1624 1094 1656 dicti
1126 1623 1260 1655 comitis
1290 1624 1384 1655 circa
1414 1633 1455 1655 cc
1486 1630 1661 1665 equestres
1691 1623 1932 1665 equitaverunt

110 1677 400 1719 Bagnacavallum
424 1678 554 1709 domini
569 1677 735 1719 Johannis
751 1678 794 1708 de
811 1675 1017 1708 Manfredis.
1064 1677 1164 1708 Tunc
1181 1682 1303 1718 gentes
1327 1677 1512 1708 existentes
1528 1687 1590 1717 pro
1615 1676 1752 1708 domino
1777 1676 1932 1717 Johanne

110 1729 146 1760 in
170 1728 425 1772 Bagnacavallo
450 1730 604 1761 exierunt
628 1736 747 1762 contra
770 1730 926 1761 inimicos
957 1731 1050 1762 circa
1081 1739 1178 1761 Lxxx
1211 1735 1397 1771 equestres,
1429 1736 1462 1760 et
1485 1736 1536 1760 VlC
1560 1730 1705 1770 pedites,
1736 1735 1769 1760 et
1795 1729 1931 1760 insimul

110 1781 236 1814 bellum
264 1783 526 1820 commiserunt3
543 1789 655 1815 tamen
679 1783 816 1824 pedites
835 1784 878 1814 de
903 1782 1157 1825 Bagnacavallo
1184 1783 1301 1825 fugam
1326 1782 1561 1824 adripuerunt‚
1587 1789 1620 1813 et
1639 1783 1751 1814 taliter
1776 1781 1932 1813 conflicti

111 1836 250 1867 fuerunt
273 1836 331 1867 alii
355 1843 541 1878 equestres,
563 1846 706 1879 quorum
731 1837 823 1877 capti
839 1836 980 1868 fuerunt
995 1836 1090 1867 circa
1115 1845 1186 1866 XLV
1203 1836 1291 1867 inter
1307 1846 1392 1876 quos
1409 1837 1548 1867 fuerunt
1571 1845 1614 1866 111
1638 1835 1771 1873 milites,
1795 1845 1807 1865 1
1823 1834 1931 1866 domi-

41 1889 83 1919 30
108 1888 213 1920 cellus
235 1889 460 1927 theotonicus,
477 1899 519 1920 111
542 1889 672 1932 ytalici,
696 1889 831 1920 scilicet
848 1889 974 1921 Paulus
998 1890 1041 1921 de
1065 1889 1271 1925 Manfredis,
1297 1888 1412 1920 Guido
1431 1889 1473 1919 de
1491 1888 1664 1924 Robertis‚
1681 1888 1808 1930 Symon
1824 1888 1932 1929 Boea-

112 1941 221 1980 chius‚
246 1952 362 1973 omnes
388 1943 431 1973 de
456 1942 580 1985 Regio.

195 1994 329 2026 Eodem
353 1994 542 2034 millesimo,
567 1995 600 2025 in
625 1994 752 2026 Christi
782 1995 920 2026 nomine
945 2004 1055 2032 amen,
1089 1995 1143 2026 die
1168 1994 1286 2025 ΧΧνΠ0
1311 1994 1436 2025 mensis
1459 1993 1574 2029 madii,
1603 1993 1636 2024 in
1657 1994 1744 2024 festo
1768 1992 1931 2034 Corporis

109 2047 237 2079 domini
262 2049 369 2080 nostri
393 2048 488 2080 Yesu
510 2048 648 2080 Christi.
696 2047 782 2080 Cum
806 2059 870 2090 per
893 2049 1054 2089 temporis
1078 2048 1329 2090 longitudinem
1354 2058 1422 2078 non
1449 2048 1621 2078 modicum
1646 2048 1767 2078 civitas
1798 2047 1929 2078 Mutine

112 2101 231 2132 fuisset
255 2101 429 2142 subposita
451 2101 688 2134 ecclesiastico
705 2102 890 2133 interdicto
908 2107 941 2132 et
956 2101 1104 2132 maiores
1120 2101 1226 2142 ipsius
1243 2100 1390 2131 civitatis
1410 2100 1553 2131 fuissent
1577 2101 1719 2131 vinculo
1736 2110 1931 2131 excommu-

46 2153 85 2184 35
111 2153 288 2184 nicationis
312 2153 469 2185 innudati
487 2164 529 2184 ex
551 2154 779 2186 nefandorum
792 2156 800 2169 '
817 2164 959 2195 operum
977 2154 1176 2185 eorumdem
1194 2158 1228 2184 et
1245 2153 1458 2194 popularium
1477 2153 1615 2184 eosdem
1632 2153 1846 2194 sequentium
1864 2152 1930 2183 iam

110 2206 364 2243 defunctorum,
390 2216 532 2247 quorum
556 2207 694 2238 nomina
729 2207 763 2238 in
790 2207 941 2247 presenti
973 2207 1203 2242 subtacentur‚
1232 2212 1264 2237 et
1297 2216 1398 2237 cause
1424 2205 1573 2236 civitatis
1596 2205 1751 2245 predicta
1775 2206 1932 2246 pervenit

107 2259 169 2290 sub
193 2258 345 2290 dominio
368 2258 517 2300 illustris,
541 2266 576 2291 et
598 2260 774 2302 magnifici
800 2259 929 2291 domini
955 2259 1083 2290 domini
1114 2258 1322 2289 marchionis
1353 2258 1517 2300 Obiconis
1548 2258 1689 2289 estensis
1721 2264 1798 2295 etc„
1830 2258 1932 2299 igitur

111 2311 227 2343 divina
241 2312 350 2353 gratia
374 2318 549 2352 operante,
576 2319 610 2344 et
633 2318 775 2343 curente
791 2312 970 2343 millesimo
985 2312 1191 2352 supradicto,
1208 2312 1417 2342 reverendus
1435 2312 1469 2341 in
1486 2311 1621 2342 Christo
1646 2318 1742 2351 pater
1766 2317 1799 2342 et
1823 2311 1931 2342 domi-

115 2375 178 2396 nus
201 2364 356 2396 dominus
372 2365 498 2401 Guido,
515 2366 569 2396 dei
590 2366 701 2406 gratia
723 2365 812 2396 tituli
833 2370 951 2396 sancte
976 2364 1097 2396 Cicilie
1119 2365 1287 2405 presbiter
1311 2364 1504 2400 cardinalis,
1521 2363 1731 2404 appostolice
1748 2364 1842 2395 sedis
1864 2363 1930 2394 Le-

45 2419 86 2449 40
109 2423 209 2460 gatus
232 2417 267 2448 in
292 2417 444 2458 partibus
468 2417 632 2460 Ungarie,
659 2417 844 2449 Sclavonie
876 2424 909 2449 et
941 2417 1158 2453 Lombardie,
1184 2416 1359 2448 transitum
1391 2417 1475 2448 fecit
1506 2427 1569 2457 per
1593 2416 1782 2448 civitatem'
1815 2417 1929 2447 eundo

110 2471 255 2502 Romam
284 2480 346 2511 pro
370 2470 583 2512 indulgentia
604 2470 800 2511 plenissima
831 2470 1085 2512 consequenda.
1306 2481 1309 2482 ⁷

197 2523 318 2554 Dictus
341 2523 500 2554 dominus
522 2522 680 2555 Marchio
703 2523 833 2554 habens
856 2523 1042 2555 dominium
1064 2523 1214 2555 civitatis
1246 2522 1415 2559 Ferrarie‚
1446 2532 1505 2553 sue
1532 2522 1720 2553 nobilitatis
1751 2528 1784 2553 et
1816 2521 1929 2564 gratie

110 2586 178 2607 non
202 2575 338 2612 oblitus,
361 2576 471 2617 ipsum
496 2576 669 2607 dominum
692 2575 859 2617 Legatum
882 2576 916 2606 in
938 2575 1051 2607 eundo
1076 2576 1220 2607 Romam
1246 2581 1279 2606 et
1302 2575 1490 2611 redeundo,
1514 2575 1696 2617 magnifice
1722 2575 1874 2616 suscepit
1897 2580 1931 2605 et

199 2727 222 2752 5.
242 2722 393 2745 millesimo
413 2724 439 2746 et
458 2731 505 2746 om.
526 2722 604 2746 Mun.
623 2734 655 2739 —
679 2721 717 2745 18.
738 2722 890 2745 millesimo
910 2724 937 2745 et
963 2731 1010 2746 om.
1030 2723 1107 2746 Mna.
1128 2735 1135 2739 -
1156 2723 1181 2745 in
1201 2723 1225 2745 A
1241 2723 1332 2751 prima
1352 2722 1382 2745 di
1400 2722 1502 2745 Ymola
1522 2722 1535 2744 ὲ
1554 2722 1692 2745 Faventia
1712 2723 1820 2745 cancell.
1839 2730 1884 2745 con
1897 2730 1929 2744 un

111 2765 174 2795 rigo
194 2777 225 2780 —
247 2770 287 2787 21.
306 2763 480 2787 Eodem....
501 2771 593 2787 mense
613 2772 660 2787 om.
681 2765 757 2788 Mun,
777 2777 808 2781 —
830 2770 869 2787 22.
885 2764 1020 2795 Forlivii]
1042 2765 1108 2787 Fori
1128 2764 1193 2787 Iulii
1215 2764 1293 2787 Mun.
1314 2777 1345 2779 ᾈ
1367 2770 1407 2794 23.
1427 2763 1530 2786 Eodem
1552 2763 1715 2794 millesimo]
1736 2764 1779 2786 die
1799 2763 1877 2787 Mmae.
1898 2776 1928 2779 —

113 2812 154 2837 25.
173 2805 277 2829 Eodem
297 2805 462 2836 millesimo]
483 2806 527 2829 die
546 2805 624 2830 Mun.
645 2818 676 2822 ——
697 2812 738 2836 29.
752 2807 818 2835 dopo
832 2806 881 2829 alii
896 2814 977 2837 segue
997 2807 1104 2837 pedites
1123 2807 1232 2829 cancell.
1253 2814 1297 2828 rou
1318 2814 1350 2828 un
1371 2806 1432 2836 rigo
1451 2806 1476 2828 in
1496 2806 1520 2828 A
1542 2818 1572 2822 —
1593 2811 1634 2836 3²·
1654 2805 1758 2828 Eodem
1772 2824 1776 2828 .
1849 2812 1929 2828 amen

111 2856 158 2872 om.
180 2849 256 2872 Mun.
278 2860 309 2864 —
329 2853 371 2879 35.
390 2847 537 2879 innodati]
559 2847 690 2871 inundati
711 2848 734 2871 A
747 2849 772 2871 B
792 2861 822 2863 —
844 2854 885 2878 42·
905 2850 933 2871 et
952 2856 1043 2872 manca
1064 2848 1089 2870 1⁴11
1109 2848 1132 2871 A
1146 2849 1170 2871 B

67 2956 80 2980 5
199 2947 206 2964 ¹
228 2949 315 2973 Ponte
334 2948 360 2972 di
382 2948 435 2972 San
457 2949 576 2972 Procolo
597 2948 639 2972 sul
659 2948 752 2978 Senio,
780 2949 870 2980 lungo
897 2949 924 2972 la
951 2950 997 2972 viat
1139 2946 1148 2962 ²
1167 2948 1300 2972 Solarolo
1320 2956 1334 2972 a
1355 2952 1387 2979 30
1407 2948 1456 2972 kil.
1477 2949 1511 2971 da
1531 2949 1674 2972 Ravenna.

112 2990 225 3014 Emilia.

2018 999 2037 1012 c.
2052 995 2090 1012 178
2100 1000 2114 1012 v

1992 2162 2063 2183 Mun„
2075 2166 2112 2184 457

2007 2427 2025 2441 ε.
2040 2427 2078 2444 119
2089 2428 2100 2439 r
