2360 3603
168 2184 188 2199 c.
203 2182 253 2202 σου

349 242 417 279 108
973 239 1284 275 CHRONICON
1317 237 1545 274 ESTENSE
2008 243 2059 277 [A.
2080 243 2174 277 1337]

341 374 496 414 volumus,
522 372 611 414 quod
630 372 703 402 sitis
727 371 767 401 de
787 373 891 412 parte
914 373 1037 409 nostra,
1069 368 1124 400 vel
1152 368 1292 400 alterius
1321 367 1434 409 partis
1453 368 1602 409 precixe,
1635 367 1714 408 qnia
1745 367 1804 408 qni
1831 377 1894 397 non
1925 372 1972 398 cst
2001 368 2173 408 nobiscum,

339 431 455 458 contra
478 435 535 456 nos
557 429 614 466 est,
639 424 735 467 quasi
758 423 1026 464 improperantes
1049 421 1081 452 ei
1104 420 1208 452 multa
1231 420 1369 452 servitia
1386 419 1477 451 illata
1494 419 1638 452 dominis
1655 418 1842 451 estensibus
1857 420 1891 450 in
1908 420 2035 461 elapso,
2056 427 2089 452 et
2105 432 2174 452 ma-

338 479 427 510 xime
451 483 569 510 contra
600 476 773 508 dominum
797 474 1051 517 Salingueram:
1084 479 1164 504 tunc
1194 472 1352 504 Marchio
1384 472 1565 504 consensit.
1612 471 1771 503 Venetici
1801 472 1979 503 maximum
2011 473 2174 505 honorem

340 532 491 562 inferunt
514 529 678 567 omnibus,
704 528 761 570 qui
785 527 916 559 iverant
938 527 973 558 in
1004 526 1195 559 sotietatem
1227 524 1358 557 domini
1389 524 1608 557 Marchionis.
1654 524 1790 556 Deinde
1813 531 2027 557 recesserunt
2059 535 2175 557 omnes

339 583 510 622 Venetici,
533 583 714 614 redeuntes
738 580 781 611 ad
804 579 933 621 patrias
956 589 1042 611 suas.

424 636 555 667 Eodem
581 634 758 666 millesimo
783 633 826 664 de
850 642 965 664 mense
991 631 1126 673 aprelis.
1151 631 1316 662 Dominus
1340 631 1495 662 marchio
1519 630 1628 673 Obico
1651 630 1792 662 recessit
1809 631 1852 662 de
1876 631 2042 670 Ferraria,
2059 637 2093 664 et
2116 631 2176 662 ivit

338 690 541 722 Cremonam
566 698 641 719 cum
666 685 810 718 maxima
833 685 987 717 sotietate
1005 684 1049 716 ad
1065 683 1313 726 parlamentum
1331 694 1408 714 cum
1432 683 1614 726 magnifico
1631 682 1768 714 domino
1787 682 1922 714 domino
1946 682 2086 726 Accone
2113 683 2175 715 Vi-

340 742 507 774 cecomite
532 741 670 773 domino
694 738 894 776 Mediolani,
919 737 1013 769 etad
1030 736 1143 768 locum
1160 736 1304 767 fratrum
1321 735 1492 767 Minorum
1517 734 1727 777 congregati,
1744 734 1879 766 scilicet
1903 735 2057 767 dominus
2080 734 2175 777 Acco

339 795 556 833 Vicecomes,
580 792 736 825 dominus
758 790 869 833 Obico
893 790 1046 821 marchio
1071 788 1222 826 estensis,
1249 788 1406 820 dominus
1429 787 1597 819 Mastinus
1620 787 1663 819 de
1688 787 1718 818 la
1744 787 1855 825 Scala,
1880 787 2036 819 dominus
2061 788 2175 819 Guido

341 849 384 880 de
409 849 583 890 Gonoaga,
608 852 642 878 et
665 845 723 877 alii
747 845 790 877 de
814 843 967 886 partibus
991 842 1216 879 Lombardie;
1242 841 1275 873 in
1300 841 1392 874 dicto
1408 841 1621 883 parlamento
1645 840 1802 872 dominus
1824 840 1990 872 Mastinus
2016 840 2175 882 implora-

339 902 387 933 vit
411 901 569 933 auxilium
593 898 730 931 domino
753 897 886 940 Acconi
910 896 1114 928 Vicecomiti
1144 901 1286 937 propter
1316 903 1466 937 gueram‚
1491 905 1592 937 quam
1622 893 1771 925 habebat
1796 903 1872 924 cum
1897 894 2032 925 comuni
2059 893 2176 925 Vene-

339 955 457 987 tiarum
483 959 516 986 et
539 952 672 985 comuni
700 951 883 983 Florentie.
931 949 1127 991 Respondit
1159 949 1190 980 ei
1222 948 1381 980 dominus
1411 947 1520 990 Acco,
1552 947 1643 989 quod
1675 946 1762 978 sicut
1794 957 1861 978 non
1892 946 2101 988 presciverat
2133 946 2176 978 de

339 1007 509 1050 principio
533 1016 592 1038 sue
616 1014 750 1048 guerre,
776 1014 845 1036 non
868 1003 1010 1035 curabat
1026 1002 1113 1034 scire
1144 1002 1293 1034 medium
1317 1007 1351 1033 et
1366 1002 1479 1037 finem,
1504 1001 1739 1042 improperans
1764 1000 1806 1038 ei,
1831 999 1930 1031 etiam
1955 1000 2087 1031 dicens:
2105 999 2176 1031 Do-

338 1064 426 1094 mine
449 1061 606 1101 Mastine,
630 1069 687 1090 vos
710 1058 777 1089 iam
800 1056 1053 1100 presumpsistis
1078 1060 1205 1087 tantum
1236 1066 1304 1086 csse
1333 1055 1368 1086 in
1399 1054 1634 1094 dominatione,
1667 1054 1756 1095 quod
1783 1053 1824 1084 de
1854 1053 1965 1095 aliquo
1992 1052 2180 1084 huiusmodi

338 1126 401 1147 non
417 1113 586 1145 cumbatis
594 1124 604 1153 ;
628 1116 660 1142 et
676 1111 806 1153 quando
822 1109 913 1141 vobis
927 1108 1175 1140 trasmictebam
1192 1108 1336 1148 licteras,
1354 1107 1612 1149 vilz'pendebatzs
1628 1116 1691 1147 σας,
1706 1106 1910 1148 proicientes
1932 1108 2036 1148 super
2058 1105 2175 1136 lectum

338 1172 504 1207 vestrum;
527 1170 560 1197 et
581 1175 645 1196 non
669 1163 867 1205 dignabatis
896 1162 1044 1205 aperire,
1069 1172 1174 1203 neque
1197 1161 1322 1201 videre,
1354 1159 1409 1191 vel
1429 1163 1624 1202 responsum
1653 1159 1739 1190 mz‘lzz·
1750 1157 1883 1200 facere,
1907 1158 1976 1189 nisi
2004 1158 2039 1188 in
2066 1158 2177 1200 capite

338 1223 421 1252 11110‘
442 1220 592 1259 dierum;
616 1221 649 1249 et
670 1217 761 1248 ultra
776 1216 837 1248 lzoc
851 1215 989 1258 fecistis
1001 1214 1089 1257 fieri
1102 1224 1257 1245 coronam
1273 1223 1421 1253 auream,
1439 1216 1580 1255 sperans
1596 1222 1662 1243 esse
1686 1211 1895 1242 constitutum
1919 1210 2054 1252 Regem
2077 1210 2176 1242 Lom-

339 1273 529 1305 bardorum.
575 1270 634 1302 Ad
654 1270 719 1301 ista
741 1273 807 1312 pro
830 1279 882 1300 me
905 1268 1098 1310 respondeo,
1134 1267 1223 1309 quod
1245 1277 1313 1309 ego
1344 1266 1443 1297 talem
1475 1266 1546 1297 nolo
1577 1275 1714 1307 regem:
1746 1265 1777 1295 si
1802 1264 1866 1295 alii
1893 1263 2035 1295 Domini
2055 1263 2177 1304 volunt,

338 1327 504 1368 ingnoro;
527 1325 614 1356 unde
641 1323 780 1366 potestis
811 1321 968 1353 recedere
990 1321 1038 1351 ad
1065 1324 1212 1351 vestrum
1237 1319 1478 1361 beneplacitum
1487 1331 1497 1350 .·
1520 1322 1571 1349 set
1601 1319 1635 1348 in
1667 1327 1718 1348 me
1740 1317 1846 1348 nichil
1874 1316 2028 1359 speretis.
2074 1316 2175 1346 Tunc

338 1379 411 1420 ipse
446 1377 603 1411 dominus
625 1375 791 1408 Mastinus
821 1381 889 1405 una
919 1383 995 1405 cum
1026 1372 1163 1405 domino
1193 1371 1393 1404 marchione
1425 1370 1580 1413 Obicone
1604 1375 1638 1401 et
1667 1379 1744 1401 cum
1776 1369 1914 1401 domino
1946 1369 2105 1400 Guidone
2134 1368 2176 1399 de

339 1432 504 1474 Goncaga
527 1436 561 1462 et
585 1429 659 1461 aliis
682 1431 896 1460 recesserunt
919 1427 962 1458 de
987 1425 1124 1457 civitate
1148 1425 1330 1463 Cremone,
1354 1423 1530 1456 redientes
1558 1423 1602 1455 ad
1625 1422 1752 1464 patrias
1783 1432 1875 1459 suas3
1900 1427 1933 1453 et
1956 1421 2021 1453 hoc
2046 1421 2111 1453 fuit
2134 1421 2176 1452 de

339 1492 456 1515 mense
478 1480 581 1513 madii
606 1486 671 1512 etc.

427 1533 560 1565 Eodem
584 1530 762 1562 millesimo
786 1530 830 1561 de
853 1538 969 1560 mense
992 1527 1087 1571 junii.
1133 1526 1290 1559 Marchio
1314 1526 1500 1558 Niccolaus
1524 1525 1665 1556 estensis
1695 1524 1836 1556 recessit
1860 1524 1903 1556 de
1920 1523 2078 1555 Ferraria
2103 1533 2178 1554 cum

339 1586 483 1619 maxima
506 1584 694 1628 quantitate
717 1582 858 1613 militum
883 1587 917 1613 et
940 1580 1104 1623 peditum,
1128 1589 1206 1611 cum
1230 1578 1412 1616 trabaccis‚
1444 1577 1687 1620 pavillionibus
1712 1583 1746 1608 et
1773 1577 1848 1608 aliis
1879 1576 2035 1614 arnexiis,
2061 1581 2095 1607 et
2118 1575 2179 1607 ivit

342 1640 526 1676 Mantuam,
550 1637 608 1670 ubi
631 1635 761 1668 invenit
792 1634 966 1666 dominum
998 1633 1191 1665 Luchinum
1222 1631 1473 1664 Vicecomitem
1505 1630 1712 1668 Mediolani,
1745 1629 1803 1671 qui
1834 1628 1880 1660 ibi
1913 1634 1985 1660 erat
2008 1634 2179 1670 tamquam

343 1692 539 1734 capitaneus
561 1698 695 1733 guerre.
740 1688 875 1720 Deinde
900 1697 1017 1719 omnes
1040 1685 1177 1717 insimul
1201 1695 1277 1716 cum
1302 1684 1369 1715 illis
1401 1684 1444 1715 de
1469 1684 1636 1726 Goncaga
1668 1682 1907 1724 equitaverunt
1930 1682 1974 1712 ad
1997 1681 2179 1723 hospitium

341 1744 384 1777 ad
396 1751 520 1777 terram
536 1741 738 1779 Bonifixeri3
756 1741 822 1773 alio
840 1741 896 1772 die
911 1739 957 1772 ad
973 1739 1154 1781 hospitium
1172 1739 1216 1770 ad
1232 1738 1379 1769 Insulam
1397 1737 1439 1768 de
1457 1737 1488 1767 la
1505 1736 1636 1774 Scala¹,
1649 1741 1683 1767 et
1698 1735 1744 1767 ibi
1760 1734 1955 1767 residerunt
1971 1745 2032 1776 per
2049 1734 2180 1776 aliquos

342 1798 416 1831 dies
425 1810 434 1836 3
459 1797 584 1829 deinde
607 1796 740 1828 iverunt
764 1794 809 1826 ad
832 1793 1014 1835 hospitium
1039 1793 1083 1824 ad
1115 1797 1240 1823 terram
1272 1789 1446 1833 Vigaxii²,
1471 1795 1505 1821 et
1529 1789 1575 1820 ibi
1599 1794 1767 1821 steterunt
1790 1787 1909 1830 paucis
1941 1787 2070 1826 diebus,
2102 1787 2182 1829 quia

343 1851 499 1883 dominus
521 1849 689 1882 Mastinus
712 1848 756 1880 de
779 1847 812 1878 la
836 1847 938 1879 Scala
962 1856 1039 1877 cum
1063 1851 1134 1877 toto
1157 1855 1258 1886 posse
1283 1843 1392 1876 exivit
1416 1848 1511 1875 extra
1534 1843 1709 1875 Veronam
1745 1846 1866 1873 contra
1898 1851 1956 1872 eos
1984 1850 2086 1872 causa
2108 1839 2181 1871 bel-

342 1904 435 1936 landi
459 1914 536 1935 cum
561 1903 626 1939 eis3
651 1907 684 1933 et
707 1901 846 1932 suerunt
868 1905 987 1942 gentes
1012 1898 1142 1930 domini
1166 1896 1316 1929 Luchini
1340 1902 1407 1928 tam
1431 1895 1528 1937 parvi
1547 1895 1671 1932 cordis,
1696 1895 1790 1937 quod
1814 1894 1970 1925 dominus
1993 1893 2180 1931 Luchinus,

340 1955 634 1989 dominus'Guido
659 1954 701 1986 de
726 1953 892 1995 Goncaga
917 1957 1035 1984 contra
1066 1951 1299 1991 volunptatem
1333 1949 1462 1981 domini
1494 1948 1718 1986 MarchioniS,
1751 1947 1932 1979 audientes
1963 1947 2007 1978 de
2031 1946 2180 1977 adventu

341 2009 470 2042 domini
492 2007 642 2045 Masurii,
666 2010 912 2048 separaverunt
934 2014 971 2036 se
988 2004 1032 2036 de
1050 2003 1145 2036 dicto
1170 2013 1293 2044 campo
1313 2003 1355 2034 de
1373 2007 1485 2040 nocte,
1503 2007 1535 2033 et
1553 2001 1653 2033 citius
1670 2008 1769 2042 quam
1794 2005 1987 2041 potuerunt,
2005 1998 2181 2041 fugierunt

340 2063 384 2094 ad
401 2061 638 2095 Castellarium
646 2059 669 2099 ³,
685 2060 839 2092 timentes
856 2058 983 2090 habere
1000 2063 1121 2100 gentes
1144 2055 1271 2088 domini
1289 2055 1428 2087 Mastini
1453 2054 1544 2096 apud
1562 2063 1630 2086 eos.
1677 2053 1812 2085 Deinde
1838 2053 1970 2084 iverunt
1992 2052 2178 2089 Mantuam,

339 2115 397 2147 ubi
419 2124 481 2157 per
504 2123 632 2156 paucos
656 2113 712 2144 die
734 2116 911 2147 steterunt3
928 2115 1050 2152 postea
1067 2108 1208 2152 quilibet
1224 2108 1389 2140 remeavit
1406 2106 1450 2138 ad
1466 2106 1615 2148 propria.
1662 2105 1742 2138 Post
1762 2106 1825 2137 hec
1851 2104 2000 2136 adcessit
2024 2104 2180 2135 dominus

342 2168 462 2200 Petrus
485 2167 627 2199 Rubeus
650 2164 821 2208 generalis
844 2163 1045 2205 capitaneus
1062 2162 1213 2205 gentium
1236 2160 1512 2192 Florentinorum
1530 2165 1563 2191 et
1585 2159 1796 2191 Venetorum
1817 2169 1894 2189 cum
1912 2156 1993 2189 toto'
2019 2156 2179 2195 exercitu,

341 2226 375 2252 et
406 2221 536 2252 iverunt
560 2228 663 2260 super
697 2217 885 2249 teritorium
920 2225 1111 2248 veronense
1142 2220 1175 2247 et
1205 2213 1426 2252 vicentinum,
1457 2212 1515 2244 ubi
1549 2211 1699 2253 dapnum
1731 2211 1915 2242 maximum
1946 2210 2116 2248 fecerunt,
2148 2215 2181 2240 et

341 2273 541 2305 occiderunt
563 2271 689 2303 multos
711 2270 878 2309 homines,
902 2269 1073 2308 mulieres,
1098 2274 1132 2300 et
1163 2267 1416 2299 derobaverunt
1439 2266 1558 2298 domos
1585 2270 1650 2297 etc.

428 2325 561 2358 Eodem
584 2324 760 2356 millesimo
777 2323 834 2355 die
850 2332 933 2354 vn11
957 2322 1081 2354 mensis
1103 2321 1185 2365 julii.
1232 2320 1399 2352 Dominus
1422 2318 1660 2351 Brandalixius
1684 2317 1727 2349 de
1752 2316 1936 2360 Gocadinis
1953 2315 1996 2348 de
2013 2316 2179 2353 Bononia,

341 2380 398 2422 qui
422 2380 513 2422 apud
537 2378 711 2411 dominum
735 2377 892 2409 Tadeum
916 2376 960 2408 de
983 2375 1126 2418 Pepulis
1149 2379 1223 2406 erat
1245 2374 1354 2416 major
1377 2372 1464 2411 aliis,
1489 2378 1602 2404 tamen
1627 2370 1670 2402 ad
1693 2377 1814 2403 statum
1840 2371 1932 2402 dicte
1949 2369 2097 2401 civitatis
2112 2379 2182 2400 non

342 2434 429 2466 bene
453 2443 488 2465 se
512 2430 771 2464 concordabant
795 2429 839 2462 ad
861 2430 1020 2467 invicem,
1043 2438 1158 2472 ymmo
1182 2437 1263 2469 sepe
1287 2425 1457 2459 tractabat
1474 2436 1550 2457 cum
1571 2424 1638 2456 suis
1660 2424 1782 2457 vicinis
1806 2423 1921 2462 multa,
1946 2433 2012 2465 que
2036 2421 2080 2453 ad
2102 2432 2182 2464 pre—

342 2497 419 2518 sens
442 2491 542 2517 taceo
565 2495 626 2526 pro
649 2483 800 2520 meliori3
826 2488 940 2515 tamen
963 2481 1107 2513 surrexit
1131 2481 1177 2513 ad
1208 2491 1300 2511 arma
1323 2489 1399 2511 cum
1428 2484 1526 2520 parte
1550 2488 1620 2515 sua,
1646 2488 1711 2519 que
1743 2476 1889 2508 maxima
1914 2481 1996 2514 erat,
2022 2481 2055 2506 et
2079 2485 2182 2516 super

342 2540 490 2581 plateam
523 2538 675 2570 comunis
705 2536 858 2569 Bononie
891 2540 1078 2573 currentes,
1107 2540 1141 2566 et
1172 2533 1357 2565 clamantes
1388 2532 1457 2564 alta
1488 2541 1590 2564 voce:
1630 2531 1727 2563 Vivat
1754 2530 1909 2573 populus,
1938 2533 1970 2559 et
1993 2528 2181 2559 moriantur

343 2593 537 2625 traditores.
584 2590 776 2629 Benfivolli,
800 2594 835 2622 et
858 2588 1015 2627 Blanchi,
1031 2587 1135 2620 amici
1151 2587 1366 2619 dominorum
1391 2587 1434 2619 de
1452 2583 1603 2626 Pepulis,
1620 2589 1794 2616 currentes
1811 2583 1854 2615 ad
1878 2592 1980 2621 arma,
2004 2586 2179 2624 equestres

434 2710 455 2727 1.
475 2702 507 2726 de
526 2710 572 2725 om.
593 2702 616 2725 A
637 2714 669 2718 —
691 2707 714 2724 2.
734 2700 957 2733 improperantes
976 2698 1071 2729 Mun.;
1091 2696 1320 2730 improperansA
1342 2709 1372 2713 -
1393 2703 1417 2727 4.
1437 2693 1574 2726 inferunt]
1594 2693 1719 2718 iecerunt
1738 2693 1815 2717 Mun.
1835 2705 1867 2709 —-
1889 2698 1911 2722 5.
1932 2690 2071 2722 Venetici]
2091 2691 2180 2715 Venet

343 2745 386 2772 Α,·
405 2745 536 2769 Venetias
554 2743 632 2768 Mun.
651 2756 683 2760 —
705 2749 745 2766 11.
763 2750 780 2766 a
793 2741 910 2766 domino
929 2740 1043 2764 Aczone
1063 2739 1237 2763 vicecomite
1257 2738 1333 2762 MUR.
1354 2751 1386 2755 -
1404 2744 1492 2761 11-12.
1506 2736 1689 2761 Venetiarum
1707 2735 1746 2764 A;
1765 2735 1937 2758 Venetorum
1958 2733 2034 2757 Mun.
2048 2746 2079 2749 —
2103 2738 2142 2757 12.
2156 2732 2180 2756 Α

339 2786 428 2817 prima
442 2786 471 2808 di
488 2785 647 2817 Respondit
664 2785 698 2808 ha
716 2784 764 2816 qui
783 2797 815 2801 —-
837 2788 877 2813 13.
893 2783 984 2814 prima
1003 2782 1033 2804 di
1050 2781 1135 2805 etiam
1155 2787 1216 2812 agg.
1233 2780 1312 2804 MUR.
1331 2780 1359 2803 et
1378 2791 1410 2796 --
1431 2785 1472 2803 21.
1491 2777 1645 2809 redientes]
1664 2777 1808 2802 redeuntes
1827 2776 1904 2800 MUR.
1923 2789 1955 2793 —
1976 2780 2017 2805 27.
2031 2773 2181 2798 Bonifixeri

342 2828 430 2851 scritto
445 2828 655 2858 posteriormente
675 2828 703 2849 in
721 2826 745 2849 A
765 2825 834 2849 dallo
852 2828 927 2848 stesso
949 2825 1043 2855 copistcz
1061 2831 1090 2847 su
1109 2822 1221 2849 lacuna,·
1241 2821 1361 2845 Bonifixi
1386 2821 1462 2845 Mun.
1484 2833 1494 2838 -
1514 2817 1634 2851 aliquos]
1656 2819 1764 2851 aliquot
1782 2817 1859 2843 Mun.
1881 2831 1911 2834 —
1936 2824 1949 2848 3
1955 2823 1976 2848 5.
1997 2814 2180 2846 Venetorum]

303 2875 316 2900 5
344 2870 441 2893 Venet.
460 2869 483 2892 Α
509 2881 541 2886 ·—
563 2868 605 2899 36.
624 2869 813 2893 Veronensem
832 2866 855 2890 Α
878 2880 908 2884 —-
934 2866 978 2898 48.
997 2864 1187 2890 Brandilixius
1206 2864 1231 2887 B
1250 2864 1327 2888 Mun.

434 2950 442 2967 ¹
461 2951 536 2976 Isola
556 2951 626 2976 della
645 2951 723 2976 Scala
742 2958 757 2975 a
777 2957 808 2975 22
829 2950 876 2974 kil.
897 2950 924 2975 S.
943 2950 978 2975 dn.
997 2950 1119 2974 Verona.
1379 2945 1390 2961 3
1411 2946 1573 2976 castellaro,
1593 2944 1641 2977 gia
1661 2945 1707 2969 dei
1728 2944 1899 2974 Bonaccolsi‚
1921 2944 1969 2976 poi
1988 2942 2029 2967 dei
2050 2942 2184 2973 Gonzaga

432 2993 444 3010 ‘'-
464 2996 581 3028 vigasio
600 2995 635 3020 ad
654 2996 670 3020 8
689 2995 739 3019 kil.
758 2994 830 3019 N-O.
852 2994 999 3019 dan’lsola
1018 2993 1091 3017 della
1109 2992 1195 3017 Scala.
1292 2999 1307 3015 a
1331 2996 1358 3022 17
1379 2991 1430 3015 kil.
1448 2998 1464 3015 a
1483 2991 1603 3014 maesti-o
1623 2990 1657 3014 da
1677 2989 1822 3013 Mantova.

2202 841 2240 872 10

2204 1105 2240 1135 15

2203 1368 2244 1398 20

2203 1627 2244 1658 25

2205 1893 2245 1923 30

2204 2156 2243 2188 35

2205 2422 2246 2452 40
