2360 3603
183 713 257 733 Mun..
275 716 313 735 ,ιμ’

203 1400 221 1413 c.
238 1400 275 1416 1⁰9
284 1401 296 1412 r

331 2796 362 2813 10

2049 209 2100 240 [A.
2121 211 2212 242 1346]

397 207 464 240 138
1018 203 1326 239 CHRONICON
1360 203 1587 237 ESTENSE

477 337 608 367 Eodem
633 336 819 371 millesimo,
844 335 899 365 die
925 345 985 365 xvr
1011 335 1133 365 mensis
1156 334 1250 377 junii.
1297 333 1461 364 Dominus
1484 333 1651 364 Mastinus
1674 332 1717 364 de
1743 333 1774 364 la
1798 333 1900 364 Scala
1923 333 2116 375 segregavit
2138 334 2212 365 Vil-

390 389 559 419 la-franca
583 394 615 419 et
639 388 815 419 Valleccio
848 388 1022 418 districtus
1052 387 1199 422 Verone,
1225 392 1258 417 et
1283 396 1358 416 cum
1392 395 1514 428 magno
1546 385 1699 417 exercitu
1731 385 1894 428 equitavit
1925 396 2025 427 super
2058 385 2212 417 districtu

389 441 529 471 Mantue
556 440 597 470 nd
623 440 733 471 locum
757 441 813 481 qui
839 440 963 471 dicitur
987 438 1143 479 Cipada¹
1169 444 1234 470 etc.

475 493 606 523 Eodem
632 492 817 530 millesimo,
841 492 895 524 die
921 501 983 522 XXI
1005 491 1103 533 junii.
1128 491 1293 522 Dominus
1318 491 1483 521 Mastinus
1515 491 1557 522 de
1590 490 1622 521 la
1653 490 1755 522 Scala
1777 491 1917 521 recessit
1941 491 1984 521 de
2008 491 2157 529 Verona,
2182 498 2215 523 et

389 546 557 587 ingressus
581 551 631 576 est
654 550 801 576 castrum
826 543 1024 587 Nogarole2
1049 543 1223 575 districtus
1247 543 1398 581 verone,
1422 544 1467 574 ad
1491 554 1589 584 quem
1615 543 1726 574 locum
1750 543 1898 574 adcessit
1922 543 2077 574 dominus
2101 544 2214 576 Guido

388 599 431 629 dc
456 598 620 640 Goncaga
637 598 681 628 ad
705 598 961 638 parlamentum,
986 603 1023 627 ut
1046 607 1112 637 pax
1137 596 1233 627 fieret
1256 596 1344 627 inter
1368 606 1437 633 eos,
1462 602 1496 627 et
1519 597 1735 626 firmaverunt
1766 602 1954 638 treuguam,
1979 602 2012 627 et
2038 597 2131 638 quod
2154 597 2215 628 do-

387 650 496 681 minus
520 650 688 680 Mastinus
712 649 846 680 interim
871 649 943 681 dari
967 654 1082 690 posset
1106 648 1271 679 auxilium
1296 648 1435 680 domiuo
1460 648 1650 679 marchioni
1674 648 1820 690 Obiconi
1844 658 1905 689 per
1937 654 2042 680 totum
2066 659 2215 681 mensem

387 703 482 744 junii,
506 708 538 732 et
563 702 731 733 dominus'
757 702 871 734 Guido
888 702 1063 743 predictus
1080 701 1152 733 dari
1176 707 1290 742 posset
1307 701 1466 731 auxilium
1486 700 1622 732 domino
1639 700 1807 731 Luchino.
1853 701 1953 732 Tunc
1971 701 2124 733 dominus
2141 702 2216 733 Ma-

386 755 491 786 stinus
514 755 697 786 destinavit
722 755 755 785 in
779 755 933 786 ausilium
959 754 1087 786 domini
1111 753 1326 785 Marchionis
1350 754 1441 784 circa
1465 763 1520 784 MM
1543 760 1728 795 equestres.

474 808 608 839 Eodem
633 808 811 839 millesimo
837 814 870 839 et
894 807 929 838 in
953 807 1019 838 hiis
1043 807 1170 838 diebus.
1197 806 1360 837 Dominus
1383 805 1620 848 Phylyppinus
1651 811 1685 836 et
1715 806 1871 838 dominus
1903 807 2071 838 Feltrinus
2094 807 2218 839 fratres

389 861 430 892 dc
456 861 618 903 Goncaga
650 866 683 891 et
711 860 840 891 domini
864 860 1016 897 Mantue,
1042 869 1119 890 cum
1143 859 1315 890 stetissent
1346 858 1381 889 in
1414 859 1566 890 exercitu
1598 859 1691 890 circa
1722 859 1909 890 districtum
1942 859 2062 890 Parme
2091 860 2217 892 domini

389 913 596 944 marchionis
621 913 798 954 ObiconiS,
821 918 1089 955 segregaverunt
1121 912 1267 953 indeque
1295 912 1533 953 equitaverunt
1564 918 1709 942 castrum
1734 911 1874 943 Curiaci
1898 912 2073 944 districtus
2096 913 2217 944 Parme

386 965 448 996 sub
473 966 622 997 dominio
647 966 731 997 dicti
754 965 882 996 domini
907 965 1131 1002 Marchionis,
1148 964 1265 1006 ibique
1284 964 1466 996 existentes
1489 974 1550 1005 per
1574 975 1703 1005 paucos
1726 964 1812 998 dies,
1856 965 1996 996 Interim
2020 966 2220 1006 capitaneus

388 1018 471 1049 dicti
495 1018 598 1049 castri
623 1018 782 1059 promixit
805 1019 962 1060 gentibus
987 1018 1166 1056 exercitus,
1191 1018 1282 1059 quod
1306 1018 1333 1048 si
1358 1018 1513 1049 dominus
1535 1017 1692 1049 Marchio
1715 1017 1746 1048 ei
1770 1028 1838 1048 non
1855 1023 2031 1049 sucureret
2054 1028 2160 1059 usque
2183 1018 2217 1049 in

387 1077 543 1102 octavum
571 1071 669 1109 diem,
695 1071 787 1113 quod
811 1072 962 1102 traderet
987 1071 1035 1102 eis
1060 1076 1216 1108 castrum,
1248 1076 1281 1101 et
1303 1070 1351 1101 sic
1376 1070 1470 1107 fecit,
1495 1070 1588 1111 quod
1612 1070 1668 1101 die
1692 1070 1801 1111 primo
1826 1070 1951 1101 mensis
1972 1070 2046 1112 julii
2077 1070 2218 1102 tradidit

386 1123 454 1154 illis
478 1129 636 1162 castrum,
662 1123 754 1164 quod
777 1124 878 1155 valde
909 1123 998 1155 bene
1029 1123 1230 1154 munierunt.
1277 1122 1413 1154 Deinde
1437 1128 1651 1154 recesserunt
1675 1123 1769 1154 dicto
1796 1123 1868 1154 loco
1892 1128 1926 1154 et
1949 1123 2084 1154 iverunt
2106 1123 2219 1155 Coen-

386 1176 498 1207 cium³
523 1176 693 1208 districtus
717 1177 839 1208 Parme
864 1187 980 1208 versus
1004 1177 1145 1215 Padum,
1162 1176 1269 1207 cicius
1287 1187 1387 1218 quam
1403 1182 1596 1216 potuerunt,
1620 1175 1700 1217 quia
1723 1176 1888 1208 timebant
1911 1177 1953 1207 de
1977 1176 2128 1207 exercitu
2151 1187 2219 1207 ma-

386 1230 477 1260 ximo
502 1229 709 1270 equestrium
733 1235 767 1260 et
791 1229 1051 1267 balisteriorum,
1076 1239 1162 1271 quos
1186 1229 1222 1260 in
1253 1229 1378 1260 auxilio
1411 1228 1495 1260 dicti
1528 1229 1630 1260 castri
1662 1228 1852 1260 destinabat
1882 1229 2040 1260 dominus
2070 1229 2218 1260 marchio

388 1282 508 1324 Obice,
534 1288 567 1314 et
592 1282 747 1314 dominus
772 1281 938 1314 Mastinus
962 1293 1039 1314 cum
1063 1282 1249 1313 intentione
1275 1282 1376 1313 etiam
1400 1282 1523 1312 muniri
1547 1281 1703 1313 Parmam
1730 1288 1793 1313 etc.

473 1336 606 1367 Eodem
630 1335 808 1366 millesimo
822 1341 854 1366 et
878 1346 993 1366 mense
1016 1335 1098 1377 julii.
1124 1335 1302 1366 Exercitus
1326 1335 1454 1365 domini
1470 1334 1676 1365 marchionis
1692 1333 1855 1377 Obiconis
1873 1341 1937 1366 etc.
1962 1335 2108 1367 existens
2129 1334 2220 1376 apud

385 1388 584 1420 Mar'zaleas
609 1394 641 1419 et
663 1389 853 1420 Macretam
866 1388 876 1404 ⁴
894 1389 988 1419 iuxta
1003 1389 1127 1419 flumen
1145 1388 1253 1420 Situle
1270 1387 1441 1419 districtus
1457 1388 1601 1426 Mutine,
1619 1398 1721 1419 causa
1738 1388 1901 1420 micteudi
1919 1388 2075 1420 victualia
2092 1388 2220 1419 civitati

388 1441 524 1479 Parme,
551 1447 584 1472 et
608 1441 778 1472 exercitus
802 1441 1014 1473 dominorum
1038 1441 1178 1472 Mantue
1204 1440 1349 1472 existens
1373 1440 1419 1472 ibi
1448 1450 1556 1481 prope
1580 1441 1613 1471 in
1645 1441 1863 1478 contrarium,
1888 1447 1921 1472 et
1945 1442 1988 1473 ad
2013 1441 2220 1473 obviandum

390 1494 565 1525 transitum
590 1494 786 1525 victualium
810 1493 853 1524 ad
877 1493 1054 1525 civitatem
1077 1493 1283 1534 predictam:
1310 1499 1450 1534 propter
1474 1493 1568 1534 quod
1591 1499 1711 1535 gentes
1734 1493 1859 1534 prefati
1891 1493 2020 1525 domini
2043 1493 2220 1525 Marchio-

389 1547 440 1578 nis
463 1547 607 1578 viriliter
631 1553 664 1578 et
688 1546 844 1578 ordinate
861 1557 897 1578 se
915 1547 1163 1587 dispoxuerunt
1180 1547 1223 1577 ad
1240 1546 1366 1578 bellum
1385 1556 1461 1577 cum
1487 1546 1642 1578 inimicis.
1689 1546 1732 1577 Et
1756 1547 1902 1588 quadam
1927 1547 1982 1578 die
2007 1547 2123 1578 martis
2146 1557 2220 1578 xxv

389 1600 513 1631 mensis
535 1600 619 1642 julii,
644 1601 725 1631 dato
757 1600 845 1631 inter
878 1609 935 1631 eos
966 1599 1062 1641 signo
1095 1599 1172 1630 albo
1205 1605 1321 1630 sancte
1353 1599 1483 1636 Crucis,
1516 1599 1694 1639 cupientes
1726 1599 1909 1630 comictere
1941 1599 2068 1630 bellum
2101 1604 2220 1631 contra

388 1654 554 1690 inimicos,
577 1658 634 1684 aut
656 1652 778 1683 muniri
803 1653 973 1684 civitatem
999 1652 1131 1690 Parme,
1155 1658 1370 1683 recesserunt
1394 1651 1437 1684 de
1469 1652 1619 1693 ipsorum
1643 1662 1776 1693 camp0‚
1801 1658 1834 1683 et
1864 1653 2080 1693 aplicuerunt
2111 1652 2220 1684 Scan-

386 1707 523 1738 dianum
538 1706 549 1724 ⁵
574 1706 617 1737 acl
641 1705 835 1747 hospitium,
860 1712 893 1737 et
918 1706 1174 1737 castramentati
1198 1712 1275 1737 sunt
1297 1705 1356 1742 ibi,
1382 1710 1416 1736 et
1449 1705 1647 1737 direxerunt
1671 1705 1803 1747 signum
1835 1705 1916 1737 belli
1949 1706 2106 1744 inimicis,
2130 1705 2222 1748 quod

387 1759 519 1801 signum
543 1769 611 1789 non
636 1763 914 1798 acceptaverunt,
938 1768 1051 1800 ymmo
1080 1763 1294 1789 recesserunt
1322 1758 1365 1788 de
1399 1757 1473 1788 loco
1503 1756 1558 1788 ubi
1591 1763 1695 1794 erant,
1727 1763 1761 1788 et
1793 1757 1926 1788 iverunt
1955 1757 2134 1789 Coentium
2157 1767 2220 1798 pro

386 1810 504 1842 maiori
528 1810 710 1841 securitate
735 1811 903 1852 ipsorum3
930 1817 962 1841 et
985 1817 1105 1853 gentes
1128 1810 1255 1841 domini
1279 1809 1489 1841 Marchionis
1512 1810 1646 1841 iverunt
1669 1810 1704 1840 in
1720 1810 1867 1852 quadam
1890 1809 1971 1841 villa
1987 1810 2122 1841 nomine
2146 1809 2220 1842 Sal-

385 1863 553 1902 vatem-21⁶,
585 1864 701 1904 ibique
732 1863 997 1906 adsignaverunt
1031 1874 1148 1895 omnes
1179 1874 1267 1901 suos,
1300 1870 1333 1894 et
1357 1863 1450 1894 facta
1473 1863 1711 1905 designatione
1738 1863 1873 1894 iverunt
1896 1869 2043 1894 castrum
2066 1862 2220 1900 Curiaci3

386 1918 453 1949 alio
478 1916 537 1948 die
562 1917 696 1947 iverunt
718 1916 1119 1958 Montem-cirugulum⁷‚
1145 1923 1178 1947 et
1202 1916 1455 1948 castramentati
1480 1923 1557 1948 sunt
1580 1915 1628 1947 ibi
1652 1921 1717 1947 etc.

474 1970 603 2000 Eodem
628 1969 805 2000 millesimo
830 1975 863 2000 et
886 1980 1000 2001 mense
1025 1970 1168 2012 augusti.
1193 1969 1290 2001 Uxor
1313 1968 1442 2000 domini
1468 1969 1615 2000 Luchini
1632 1969 1854 2001 Vicecomitis
1871 1969 2006 2010 peperit
2023 1970 2108 2000 duos
2132 1969 2220 2001 filios

388 2024 569 2055 masculos.

474 2077 605 2108 Eodem
630 2077 809 2107 millesimo
835 2082 867 2108 et
890 2087 1017 2108 mense.
1043 2077 1209 2108 Dominus
1224 2076 1402 2108 Luchinus
1417 2076 1594 2117 predictus
1611 2075 1770 2107 auxilium
1788 2075 1981 2117 imploravit
1997 2075 2124 2107 domini
2145 2076 2220 2108 Ma—

385 2130 463 2161 stini
490 2131 531 2161 de
558 2130 589 2160 la
613 2129 725 2167 Scala,
751 2136 784 2160 et
809 2130 963 2171 quamvis
989 2140 1056 2160 non
1080 2129 1169 2160 bene
1194 2129 1403 2161 domesticus
1420 2135 1492 2160 erat
1509 2129 1591 2166 eius,
1608 2134 1723 2160 tamen
1748 2129 1931 2160 destinavit
1955 2129 1987 2159 ei
2012 2137 2063 2159 ΧΠ
2088 2128 2219 2160 bande-

388 2183 455 2213 rias
480 2183 685 2223 equestrium
709 2182 1000 2213 Theotonieorum
1026 2183 1068 2214 de
1094 2182 1168 2220 inis,
1201 2182 1259 2224 qui
1291 2188 1387 2213 erant
1418 2181 1462 2212 ad
1493 2182 1633 2214 servitia
1665 2182 1791 2213 domini
1821 2182 2026 2213 marchionis
2056 2181 2220 2224 Obiconis

387 2236 420 2266 in
446 2235 599 2266 districtu
623 2234 737 2276 Regii,
755 2241 894 2276 propter
911 2235 1004 2276 quod
1021 2234 1264 2267 demonstravit
1281 2245 1349 2266 non
1374 2244 1445 2266 esse
1463 2235 1606 2266 amicum
1625 2235 1782 2266 dominus
1797 2234 1965 2265 Mastinus
1982 2234 2110 2265 domini
2124 2234 2220 2266 Mar-

388 2288 522 2318 chionis
546 2295 611 2318 etc.

476 2425 498 2448 4.
515 2418 604 2448 prima
624 2419 653 2441 di
671 2418 744 2450 junii
764 2417 840 2442 MUR.
861 2419 993 2449 aggiunge
1013 2419 1117 2442 mensis
1137 2432 1169 2435 —
1191 2425 1214 2449 5.
1234 2418 1369 2449 Negarole
1388 2418 1445 2441 AB
1465 2431 1496 2434 —
1517 2423 1540 2447 7.
1562 2418 1626 2441 dare
1645 2425 1712 2441 corr.
1731 2417 1809 2442 MUR.
1829 2430 1861 2434 —
1881 2416 1905 2440 8.
1926 2416 1989 2440 dare
2008 2423 2073 2440 corr.
2088 2415 2164 2441 MUR.
2186 2430 2217 2434 -

391 2466 430 2482 10.
450 2460 551 2483 Eodem
573 2460 717 2483 millesimo
737 2462 764 2483 et
784 2468 831 2483 om.
858 2460 936 2484 Mun.
957 2473 989 2476 —
1014 2467 1052 2483 12.
1081 2460 1215 2484 Cuvriaci
1235 2461 1314 2484 MUR.
1335 2474 1365 2476 —
1389 2465 1427 2490 15.
1448 2459 1534 2490 quod]
1561 2459 1626 2490 quia
1645 2459 1722 2483 Mna.
1742 2473 1774 2476 —
1797 2458 1836 2482 16.
1857 2459 1890 2482 de
1910 2458 1987 2482 dicto
2007 2458 2069 2482 loco
2089 2458 2166 2482 Mun.
2187 2471 2218 2475 —

390 2508 429 2531 19.
450 2501 594 2525 muniendi
609 2501 684 2525 MuR.
699 2515 731 2518 —
746 2508 788 2526 20.
804 2502 952 2525 millesimo
966 2504 992 2525 et
1006 2510 1054 2526 om.
1074 2502 1152 2526 Mna.
1165 2515 1197 2519 —-
1214 2500 1253 2525 26.
1268 2502 1375 2525 munire
1389 2509 1455 2524 corr.
1477 2502 1553 2525 Mun.
1570 2514 1600 2517 κ
1622 2506 1664 2531 27·
1683 2500 1872 2524 castrametati
1891 2507 1956 2523 corr.
1977 2500 2054 2524 MUR.
2069 2512 2093 2516 -—
2115 2506 2157 2530 31.
2171 2499 2218 2524 Ci-

388 2542 529 2574 rugulum]
550 2543 705 2574 Arugulum
725 2544 874 2568 ABMUR.
896 2557 925 2560 —
946 2551 988 2575 34.
1008 2544 1110 2568 Eodem
1124 2561 1129 2567 .
1142 2561 1147 2567 .
1161 2559 1186 2567 ..
1205 2546 1233 2567 et
1252 2550 1344 2567 mense
1363 2551 1410 2567 om.
1431 2543 1507 2566 Mna.

387 2638 402 2654 a
422 2631 437 2655 6
457 2632 492 2655 da
517 2631 680 2664 Correggio.
713 2632 775 2656 Con
795 2633 821 2656 lo
840 2633 928 2656 stesso
949 2634 1064 2656 trattato
1086 2632 1276 2656 surrieordato

387 2673 430 2696 del
451 2673 483 2696 28
503 2674 590 2704 aprile
613 2673 685 2704 1346.
705 2674 749 2697 col
769 2675 847 2704 quale
867 2674 876 2697 i
897 2673 1038 2698 Manfredi
1058 2673 1160 2697 fui-ono
1183 2672 1275 2696 infeu-

388 2714 447 2737 dati
472 2714 501 2737 di
525 2716 659 2743 Boi-zano,
688 2716 790 2739 Obizzo
814 2715 839 2738 <1¹
849 2716 915 2739 Este
937 2714 1055 2739 accord&
1081 2713 1276 2739 l'investitura

388 2755 417 2778 di
435 2756 489 2780 San
511 2757 635 2780 Μαι-ϋηο
663 2758 690 2780 in
710 2757 764 2781 Rio
790 2758 847 2781 alla
873 2756 996 2788 famiglia
1016 2757 1061 2780 dei
1081 2757 1208 2786 Roberti,
1226 2756 1275 2780 che

388 2799 541 2830 promisero
568 2797 669 2822 fedelta
689 2807 703 2822 e
721 2799 897 2824 obhedienza.
936 2799 980 2823 Cf.
1009 2799 1197 2828 Tumuoscm,
1225 2799 1275 2822 Di—

387 2841 506 2864 zionario
526 2848 583 2868 ecc„
602 2841 659 2870 cit„
678 2841 713 2870 ΙΙ,
733 2850 758 2873 p.
780 2846 821 2871 25.

478 2881 484 2896 ¹
505 2880 620 2913 Cipada‚
639 2882 722 2913 luogo
743 2883 791 2905 che
811 2883 876 2914 oggi
891 2890 947 2905 non
967 2883 1003 2906 ha
1023 2880 1070 2912 piu
1091 2889 1179 2911 nome,
1200 2881 1275 2905 fuori

388 2924 432 2947 del
454 2924 590 2955 sobborgo
610 2924 637 2947 di
658 2924 713 2947 San
734 2924 862 2956 thrgio,
882 2931 977 2956 presso
999 2924 1018 2947 il
1035 2924 1100 2954 lago
1123 2924 1274 2954 superiore.

476 2964 485 2979 ²
507 2966 654 2996 Nogarola„
674 2974 689 2988 a
711 2972 723 2996 7
744 2966 792 2989 kil.
812 2966 907 2990 s-S-E.
928 2966 962 2989 da
982 2965 1162 2989 Villasranca.

1418 2630 1428 2646 ³
1448 2631 1570 2659 Coenzo,
1585 2631 1718 2663 villaggio
1732 2632 1920 2655 attraversato
1934 2631 2075 2655 dall'Enza
2090 2629 2218 2662 (provin-

1330 2674 1373 2695 cia
1391 2671 1418 2695 di
1437 2671 1682 2704 Reggio-Emilia)‚
1701 2671 1823 2695 distante
1843 2678 1857 2702 3
1878 2671 1925 2695 kil.
1944 2671 1989 2694 dal
2009 2671 2049 2694 Po
2068 2678 2082 2694 e
2095 2678 2111 2694 a
2127 2676 2156 2701 15
2170 2670 2220 2695 kil.

1330 2720 1345 2736 a
1367 2713 1495 2736 nord-est
1515 2713 1543 2736 di
1565 2714 1672 2736 Parma.

1418 2755 1426 2769 ⁴
1447 2756 1632 2784 Tmusoscm,
1651 2755 1804 2778 Dizionario
1822 2762 1882 2782 ecc„
1902 2755 1960 2784 cit.‚
1980 2754 2013 2782 ΙΙ,
2033 2763 2058 2786 p.
2081 2762 2091 2778 1
2112 2762 2126 2778 e
2144 2761 2201 2786 sgg.

1417 2795 1428 2810 ⁵
1448 2796 1607 2821 Scandiano
1626 2804 1643 2820 a
1665 2803 1694 2820 12
1714 2796 1762 2820 kil.
1778 2797 1811 2820 da
1830 2797 1946 2827 Reggio.
1982 2796 2034 2820 Nel
2052 2802 2115 2827 ¹423
2135 2796 2219 2819 Scan-

1329 2840 1414 2863 diano
1435 2846 1523 2862 venne
1541 2845 1671 2862 concesso
1692 2839 1721 2862 in
1743 2838 1909 2861 investitura
1923 2845 1938 2861 a
1957 2838 2084 2861 Feltrino
2099 2836 2219 2861 Boiardo

1329 2887 1381 2904 avo
1402 2880 1444 2903 del
1463 2879 1567 2903 celebre
1587 2881 1671 2912 poeta
1691 2879 1797 2903 Mattco
1818 2879 1916 2902 Maria.

1418 2920 1429 2936 ὓ
1447 2922 1603 2945 Salvaterra
1622 2921 1687 2944 villa
1706 2921 1747 2944 del
1766 2928 1882 2944 comune
1902 2920 1928 2944 di
1949 2920 2114 2944 Scandiano.

1417 2962 1427 2978 7
1448 2963 1706 2994 Montechiarugolo
1726 2963 1842 2986 castello
1861 2969 1877 2986 a
1899 2967 1928 2992 15
1949 2962 1997 2985 kil.
2017 2962 2050 2985 da
2071 2962 2179 2985 Parma.

2245 809 2282 839 lO

2245 1070 2281 1102 15

2243 1336 2285 1366 20

2243 1599 2283 1631 25

2245 1865 2286 1896 30

2243 2129 2283 2161 35

2249 2674 2279 2697 15

2248 2886 2281 2903 20
