2360 3603
29 840 65 871 10

29 1102 63 1133 15

24 1366 65 1396 20

25 1628 63 1658 25

25 1891 66 1921 30

24 2152 63 2184 35

25 2418 65 2447 40

93 243 148 276 [A.
167 244 261 276 1343]
720 238 1029 273 CHRONICON
1063 238 1230 274 ESTEN
1232 238 1291 274 SE
1849 239 1861 272 l
1876 237 1917 276 17

91 373 125 399 et
146 367 195 399 sic
219 367 376 409 precepit
400 367 524 410 ubique
548 378 611 409 per
634 373 739 399 totum
761 368 833 400 eius
855 368 1053 406 districtum,
1070 378 1114 400 ne
1137 368 1297 400 victualia
1320 368 1386 400 illis
1409 367 1651 401 concederent.
1699 368 1919 410 Quapropter

90 420 167 451 Dux
189 419 362 461 predictus
385 430 506 461 pacem
531 420 686 451 tractavit
710 430 785 451 cum
817 419 954 451 domino
984 420 1186 452 Marchione
1218 420 1375 462 predicto
1403 427 1437 453 et
1469 420 1542 452 aliis
1565 431 1623 452 sue
1656 421 1733 463 lige,
1758 427 1803 458 et,
1834 431 1920 463 pace

91 473 194 510 facta,
226 472 415 503 habuerunt
438 482 543 514 pagas
566 483 642 503 suas
674 478 707 503 et
738 478 953 503 recesserunt
977 473 1020 503 de
1054 473 1147 504 dicto
1171 473 1336 511 districtu,
1369 479 1402 504 et
1426 473 1525 505 etiam
1556 473 1772 512 Lombardie,
1805 483 1921 505 omnes

91 529 209 555 euntes
233 523 266 554 in
289 523 356 554 suis
379 524 555 560 contratis3
582 530 615 555 et
639 525 688 555 sic
712 523 876 565 dissipata
899 529 950 556 est
974 524 1069 556 dicta
1092 526 1239 556 sotietas.

176 575 307 607 Eodem
331 576 516 613 millesimo,
542 586 564 607 x
588 576 710 607 mensis
735 576 868 617 aprelis.
893 577 969 607 Dux
994 577 1202 608 Guernerius
1226 587 1303 608 cum
1328 584 1400 609 tota
1415 578 1571 610 sotietate
1588 580 1756 620 predicta,
1773 578 1922 620 receptis

89 629 185 671 pagis
209 629 276 660 suis
299 630 485 660 secundum
510 635 610 670 pacta
641 639 757 660 eorum
786 635 819 659 et
850 629 929 671 lige,
954 630 1211 661 destinaverunt
1242 630 1415 661 Ferariam
1447 631 1481 661 in
1513 642 1631 663 manus
1663 632 1792 663 domini
1823 631 1917 662 Mar-

89 681 222 712 chionis
246 691 294 711 xx
319 681 464 719 obsides,
481 681 613 713 scilicet
629 681 753 712 ducem
770 681 989 723 Raynaidum
1007 683 1146 713 fratrem
1164 682 1262 713 ducis
1280 683 1469 719 Guernerii,
1486 690 1519 714 et
1536 684 1640 714 filium
1658 685 1767 723 ducis,
1785 690 1819 716 et
1836 684 1920 715 31103

88 732 302 770 suffitientes‚'
327 734 386 775 qui
409 743 526 765 omnes
551 739 758 764 cenaverunt
775 743 851 763 cum
868 734 1004 764 domino
1022 733 1225 765 Marchione
1243 735 1298 766 die
1315 734 1400 766 iovis
1424 736 1544 767 sancti.
1590 736 1667 767 Dux
1683 743 1795 768 autem
1812 736 1920 768 Guer-

89 786 202 816 nerius
227 786 391 817 conduxit
415 796 532 817 omnes
554 786 788 817 Theotonicos
811 796 912 826 super
943 786 1051 827 ripam
1083 786 1178 824 Padi,
1210 786 1326 828 ibique
1358 788 1515 828 precepit
1547 789 1594 819 eis
1626 789 1792 827 omnibus,
1828 789 1920 832 quod

89 839 250 870 recedere
275 838 441 870 deberent
465 839 507 869 de
532 838 687 869 districtu
703 837 833 869 domini
849 838 1060 869 Marchionis
1084 845 1117 870 et
1141 839 1268 870 domini
1288 839 1438 877 Mastini,
1456 846 1489 871 et
1505 841 1555 871 sic
1572 841 1740 873 fecerunt.
1786 841 1920 872 Deinde

89 892 157 923 dux
181 891 389 922 Guernerius
412 891 504 921 venit
528 890 716 922 Ferrariam
740 889 784 920 ad
808 899 928 921 cenam
952 891 1142 931 predictam
1166 901 1244 922 cum
1267 891 1405 923 domino
1431 891 1634 925 Marchione
1659 900 1692 925 et
1715 904 1791 925 cum
1816 894 1921 924 fratre

88 943 170 975 dicti
195 943 292 975 ducis
315 949 347 974 et
371 943 455 979 aliis,
480 943 537 984 qui
562 942 608 973 ibi
633 948 729 974 erant
751 942 899 974 obsides.
946 943 1109 974 Recessis
1132 943 1286 975 omnibus
1316 944 1482 985 predictis
1505 946 1670 977 sotietatis
1697 947 1740 977 de
1771 946 1923 977 districtu

88 997 255 1028 dictorum
279 996 501 1032 dominorum,
525 995 594 1026 dux
618 995 826 1027 Guernerius
856 1002 889 1026 et
920 995 977 1026 alii
1002 996 1138 1027 obsides
1162 996 1294 1028 liberati
1327 996 1475 1035 fuerunt,
1500 1004 1532 1029 et
1555 1005 1767 1030 recesserunt
1799 999 1833 1029 in
1857 998 1923 1029 suis

88 1050 261 1081 cont-ratis.

175 1102 307 1133 Eodem
331 1101 518 1138 millesimo,
544 1101 599 1132 die
621 1111 664 1132 111
688 1101 812 1132 mensis
835 1100 948 1132 madii.
974 1101 1138 1133 Dominus
1162 1102 1315 1134 marchio
1340 1102 1449 1144 Obico
1467 1109 1501 1134 et
1518 1103 1675 1136 dominus
1690 1105 1864 1146 Johannes
1882 1104 1925 1135 de

88 1154 228 1196 Pepulis
250 1155 386 1184 iverunt
409 1154 592 1195 hospitium
615 1152 794 1191 Abaciam,
820 1153 885 1185 alio
910 1154 966 1185 die
989 1153 1183 1196 Lignagum
1207 1164 1283 1185 cum
1308 1154 1445 1186 domino
1462 1155 1609 1188 Mastino
1627 1156 1668 1187 de
1685 1158 1717 1188 13
1735 1157 1847 1196 Scala,
1866 1158 1924 1199 qui

88 1207 228 1238 multum
260 1207 441 1237 honoravit
465 1216 539 1243 eos3
565 1212 598 1238 et
622 1205 669 1237 ibi
695 1206 790 1238 curia
814 1206 1023 1238 honorabilis
1048 1207 1142 1238 facta
1166 1212 1225 1238 est.
1273 1207 1354 1239 Post
1377 1208 1441 1239 hec
1467 1208 1685 1250 conloquium
1710 1210 1753 1240 ad
1776 1210 1922 1241 invicem

88 1258 288 1297 habuerunt,
312 1269 379 1300 quo
403 1259 507 1296 finito,
525 1258 680 1290 dominus
702 1258 873 1290 Mastinus
896 1259 1004 1290 voluit
1027 1259 1118 1300 ipsos
1142 1260 1311 1291 accedere
1335 1259 1521 1298 Veronam,
1546 1266 1580 1292 et
1602 1261 1650 1292 sic
1675 1262 1841 1299 fecerunt,
1865 1263 1924 1294 ubi

88 1319 247 1353 quantum
267 1311 335 1342 dici
360 1321 428 1342 non
452 1317 566 1352 posset
589 1312 709 1349 honor,
735 1321 835 1353 quem
858 1317 1064 1352 receperunt
1088 1312 1123 1342 in
1140 1312 1232 1343 dicta
1250 1312 1402 1350 civitate;
1427 1312 1541 1354 ibique
1567 1313 1748 1345 existentes
1770 1315 1925 1356 pluribus

88 1364 217 1401 diebus,
244 1364 368 1395 deinde
391 1370 532 1405 propter
556 1364 724 1395 delectum
748 1365 884 1395 iverunt
907 1364 1116 1395 Montorium
1130 1365 1139 1382 ¹
1166 1375 1242 1395 cum
1265 1364 1409 1396 maximo
1435 1365 1581 1403 honore3
1606 1372 1724 1407 postea
1746 1368 1925 1399 redierunt

89 1417 259 1448 Veronam
277 1416 321 1447 ad
336 1416 528 1457 hospitium.
567 1415 647 1447 Alio
665 1416 719 1447 die
736 1416 940 1448 recedentes
956 1416 1096 1447 Verona
1112 1417 1249 1448 iverunt
1265 1417 1444 1458 prandium
1462 1418 1651 1461 Covedum,
1671 1418 1828 1450 dominus
1844 1421 1920 1451 Ma-

88 1470 191 1500 stinus
215 1470 376 1500 continue
400 1479 476 1500 cum
501 1469 560 1505 eis,
584 1470 756 1500 honorans
781 1478 840 1500 eos
870 1468 1011 1511 ubique3
1037 1470 1164 1501 deinde
1189 1470 1233 1500 ad
1256 1469 1439 1511 hospitium
1455 1469 1602 1509 Abacie,
1619 1477 1653 1502 et
1669 1472 1824 1503 dominus
1847 1473 1922 1504 Ma-

87 1522 194 1553 stinus
217 1521 341 1553 redivit
363 1521 547 1553 Veronam.
595 1521 675 1552 Alio
699 1522 756 1553 die
781 1522 863 1553 dicti
888 1522 1018 1553 domini
1040 1529 1274 1563 pervenerunt
1296 1523 1486 1554 Ferrariam
1504 1525 1548 1555 ad
1565 1524 1759 1565 hospitium,
1779 1525 1845 1556 alio
1863 1526 1919 1557 die

87 1574 229 1606 recessit
253 1574 408 1605 dominus
431 1574 607 1616 Johannes
631 1575 674 1606 de
699 1575 857 1605 Ferraria
881 1581 914 1606 et
936 1575 1061 1606 redivit
1088 1575 1288 1607 Bononiam.

175 1627 307 1658 Eodem
330 1626 509 1658 millesimo
526 1633 559 1658 et
574 1637 699 1658 mense.
725 1627 945 1658 Honorabilis
970 1627 1126 1658 dominus
1145 1627 1303 1659 dominus
1320 1627 1489 1660 Mastinus
1506 1629 1548 1660 de
1568 1629 1599 1660 13
1615 1629 1727 1667 Scala,
1741 1630 1924 1662 discedens

87 1681 235 1717 Verona,
260 1680 322 1711 ivit
345 1679 613 1721 Montagnanam
639 1690 741 1712 causa
764 1680 920 1711 firmandi
943 1690 1064 1722 pacem
1089 1692 1167 1712 cum
1191 1681 1330 1713 domino
1356 1681 1524 1713 Ubertino
1549 1682 1592 1714 de
1617 1682 1757 1714 Cararia
1784 1685 1923 1715 domino

88 1733 205 1764 Padue
229 1732 368 1763 inimico
392 1732 466 1763 eius
490 1732 639 1773 capitali.
687 1732 819 1763 Ibidem
843 1743 967 1774 pacem
991 1733 1160 1770 fecerunt,
1178 1739 1212 1765 et
1228 1733 1290 1765 sibi
1316 1734 1461 1765 contulit
1484 1735 1651 1766 honorem
1674 1735 1923 1775 incredibilem,

87 1786 173 1816 sicut
195 1783 359 1817 decebat!
405 1784 479 1816 Hiis
502 1785 613 1822 factis,
638 1785 705 1816 alio
730 1785 786 1816 die
810 1786 946 1821 iverunt
969 1792 1095 1817 terram
1127 1785 1282 1824 Colonie‚
1310 1786 1366 1818 ubi
1398 1787 1555 1819 dominus
1587 1788 1753 1820 Mastinus
1784 1789 1924 1820 multum

88 1837 267 1869 honoravit
291 1837 464 1868 dominum
487 1836 702 1875 Ubertinum‚
727 1838 814 1869 sicut
830 1838 1010 1880 magnifice
1028 1837 1218 1870 honorabat
1234 1839 1319 1871 alios
1335 1839 1504 1871 dominos
1551 1839 1630 1871 Alio
1645 1840 1760 1883 itaque
1777 1841 1832 1872 die
1850 1843 1925 1883 qui-

89 1890 170 1922 libet
193 1900 309 1921 eorum
333 1890 460 1921 reversi
484 1896 562 1921 sunt
585 1890 758 1921 civitatem
784 1901 888 1922 suam.

175 1942 306 1974 Eodem
330 1942 520 1980 millesimo,
545 1952 649 1973 xxvn
663 1943 787 1974 mensis
804 1943 923 1974 madii.
947 1944 1112 1975 Dominus
1129 1943 1238 1986 Obico
1255 1944 1407 1976 marchio
1425 1945 1566 1976 estensis
1583 1946 1724 1978 recessit
1741 1947 1784 1978 de
1801 1947 1923 1979 Ferra-

88 1995 149 2033 ria,
173 1995 301 2037 ivitque
326 1995 369 2026 ad
392 1995 573 2036 hospitium
592 1995 710 2027 Sancti
732 1995 859 2027 Felicis
882 1996 916 2027 in
940 1996 1098 2028 districtu
1121 1997 1272 2033 Mutine:
1298 1997 1364 2028 alio
1388 1997 1444 2029 die
1469 1998 1610 2039 aplicuit
1633 1998 1807 2031 civitatem
1831 2010 1924 2031 suam

88 2047 228 2084 Mutine,
245 2046 303 2078 ubi
318 2057 454 2078 morans
477 2047 628 2088 pluribus
653 2047 775 2079 diebus
798 2048 949 2079 construi
965 2048 1049 2079 fecit
1066 2054 1213 2080 castrum
1229 2049 1479 2092 Marcalearum
1488 2049 1510 2087 ²,
1535 2056 1569 2081 et
1593 2050 1676 2082 alias
1692 2051 1871 2083 fortilicias
1887 2051 1922 2082 in

88 2100 239 2142 pluribus
264 2100 348 2131 locis
371 2100 416 2131 ad
441 2101 608 2132 confinem
632 2100 764 2131 Mutine
788 2107 821 2132 et
844 2101 958 2143 Regii,
983 2107 1019 2132 ut
1042 2102 1193 2133 securius
1218 2101 1336 2133 civitas
1359 2102 1492 2133 Mutine
1516 2110 1741 2144 permaneret.

175 2153 307 2185 Eodem
331 2152 520 2190 millesimo,
544 2163 572 2184 11
595 2153 692 2196 junii.
716 2154 881 2185 Dominus
904 2154 1070 2185 Mastinus
1094 2155 1187 2186 dela
1204 2154 1304 2186 Scala
1328 2155 1470 2187 recessit
1494 2156 1536 2187 de
1553 2156 1703 2195 Verona,
1721 2157 1849 2200 ivitque
1866 2157 1925 2188 Pi·-

86 2206 253 2238 scheriam
278 2212 426 2237 castrum
449 2216 561 2241 suum;
587 2205 621 2237 in
645 2205 737 2237 dicto
762 2206 838 2238 loco
863 2206 995 2238 invenit
1020 2206 1195 2239 dominum
1218 2207 1378 2249 Brucium
1402 2208 1505 2239 filium
1531 2208 1660 2240 domini
1684 2209 1833 2241 Luchini
1864 2210 1925 2241 Vi-

87 2258 260 2290 cecomitis
283 2258 413 2289 domini
437 2258 640 2297 Mediolani,
665 2259 723 2300 qui
747 2259 928 2290 adsotiavit
952 2259 1126 2290 dominum
1150 2259 1335 2291 Mastinum
1359 2271 1465 2302 usque
1490 2260 1735 2300 Mediolanum,
1767 2272 1834 2304 quo
1865 2262 1925 2293 ivit

88 2312 132 2343 ad
154 2311 402 2352 parlamentum
426 2321 503 2341 cum
529 2311 666 2342 domino
690 2311 861 2349 Luchino,
886 2316 1007 2352 optans
1031 2312 1120 2343 velle
1144 2312 1329 2343 amicitiam
1354 2319 1387 2344 et
1410 2323 1532 2353 pacem
1558 2324 1634 2345 cum
1659 2324 1711 2351 eo,
1744 2315 1824 2356 quia
1854 2325 1923 2346 non

87 2364 176 2396 bene
199 2363 299 2395 amici
324 2370 436 2400 erant3
461 2364 664 2405 iveruntque
690 2364 873 2405 hospitium
898 2363 1107 2406 Palacolum,
1133 2365 1199 2396 alio
1224 2364 1280 2396 die
1306 2364 1521 2404 Cassanum³,
1545 2365 1602 2397 ubi
1627 2367 1782 2398 dominus
1798 2367 1925 2398 Luchi-

88 2428 150 2448 nus
173 2423 256 2455 erat,
278 2416 418 2448 veniens
442 2416 579 2448 obviam
604 2417 651 2448 eis
675 2427 752 2447 cum
777 2417 921 2448 maximo
946 2417 1087 2448 honore.
1133 2417 1214 2449 Alio
1239 2418 1295 2449 die
1320 2425 1533 2450 recesserunt
1548 2418 1640 2457 inde,
1656 2419 1857 2462 iveruntque
1882 2421 1926 2452 ad

89 2469 268 2510 prandium
292 2469 336 2499 ad
359 2475 484 2500 terram
508 2469 659 2506 Muncie,
685 2469 728 2500 ad
753 2469 936 2510 hospitium
959 2479 1041 2500 vero
1067 2470 1161 2501 civit.
1194 2470 1394 2508 Mediolani,
1422 2470 1480 2502 ubi
1504 2477 1667 2512 quantum
1701 2472 1769 2504 dici
1800 2479 1923 2513 posset,

89 2522 247 2553 dominus
268 2521 564 2563 Archiepiscopus
589 2528 621 2552 et
645 2521 801 2552 dominus
823 2521 998 2553 Luchinus
1029 2528 1261 2554 onoraverunt
1285 2522 1457 2554 dominum
1485 2522 1691 2561 Mastinum3
1716 2524 1829 2566 ibique
1853 2535 1924 2556 mo-

177 2645 202 2670 3.
220 2640 304 2667 etiam
323 2647 369 2663 om.
391 2639 459 2663 MUR
474 2653 504 2657 ——
519 2644 544 2669 5.
558 2639 662 2662 Eodem
675 2638 833 2670 millesimo]
849 2640 902 2663 Die
915 2639 993 2663 Mna.
1006 2653 1038 2657 —
1055 2646 1093 2664 12.
1108 2638 1253 2671 predictis]
1273 2640 1378 2671 predict
1391 2640 1466 2667 AB:
1479 2641 1617 2672 predictae
1643 2642 1722 2666 Mun.
1735 2655 1766 2658 —
1785 2649 1824 2673 19.
1838 2649 1924 2674 quan—

90 2679 160 2712 tum]
180 2688 242 2704 curn
262 2682 338 2709 AB:
351 2689 396 2704 om.
412 2682 489 2706 MUR.
503 2694 515 2699 -
534 2680 638 2713 posset]
657 2682 750 2712 potest
769 2681 848 2705 Mun.
867 2694 879 2699 -
898 2681 959 2711 dopo
978 2682 1130 2706 existentes
1151 2681 1228 2706 Mun.
1242 2689 1300 2712 agg.
1315 2681 1393 2706 fuere
1408 2696 1438 2699 —
1454 2688 1496 2713 25.
1510 2683 1659 2707 millesimo
1679 2685 1708 2707 et
1726 2691 1774 2708 om.
1793 2684 1872 2708 Mna.
1892 2697 1923 2701 ——

91 2728 131 2752 31.
145 2722 249 2747 Eodem
262 2722 420 2754 millesimo]
436 2723 479 2746 die
499 2723 576 2746 Mun.
592 2735 623 2739 —
638 2727 680 2752 33.
693 2723 798 2746 Eodem
812 2722 969 2753 millesimo]
983 2722 1028 2746 die
1047 2723 1123 2747 Mna.
1140 2736 1171 2739 —
1186 2729 1229 2754 42.
1242 2724 1306 2754 dopo
1321 2723 1413 2755 ibique
1426 2725 1455 2746 in
1473 2724 1497 2746 A
1516 2724 1595 2748 exist.
1609 2724 1748 2748 cancellato
1760 2732 1806 2748 con
1819 2733 1855 2748 un
1867 2725 1924 2755 rzjgo

175 2801 182 2816 ¹
204 2802 348 2826 Montorio
368 2803 507 2827 Veronese
528 2811 543 2826 a
562 2802 578 2826 6
598 2803 647 2827 kil.
666 2803 698 2827 E.
717 2802 752 2826 da
772 2802 892 2828 Verona.
1031 2803 1180 2827 “Mar-chio
1190 2804 1270 2827 venit
1284 2803 1422 2827 Mutinam
1433 2805 1461 2828 et
1474 2804 1617 2828 ordinavit
1630 2805 1703 2828 refici
1714 2806 1834 2828 castrum
1849 2805 1923 2829 Mar-

175 2841 186 2857 ²
205 2843 362 2875 Marzaglia,
374 2843 565 2868 antichissima
581 2843 647 2866 villa
661 2843 695 2867 ad
713 2850 741 2867 11
758 2843 804 2867 kil.
819 2843 852 2867 O.
867 2844 902 2867 da
917 2843 977 2867 Μο-
1032 2846 1198 2875 “zalearum‚
1219 2845 1292 2878 quod
1315 2845 1348 2870 de
1373 2853 1466 2870 mense
1486 2846 1557 2870 iunii
1583 2846 1721 2879 inceptum
1744 2847 1801 2872 fuit
1822 2846 1896 2871 refici
1908 2866 1920 2878 η

89 2883 166 2908 dena.
203 2884 249 2909 Cf.
269 2885 299 2909 P.
318 2886 469 2915 RiccARnx,
490 2885 647 2915 Marzaglitz.
679 2885 748 2907 Nota
766 2887 859 2908 storica
879 2885 909 2909 in
928 2884 977 2908 At·
1033 2887 1123 2918 (Cron.
1144 2887 1213 2911 blod.
1233 2888 1290 2917 cit„
1309 2895 1335 2919 p.
1356 2888 1428 2918 240).

89 2926 111 2948 ti
127 2934 139 2948 e
158 2926 233 2950 Mem.
255 2927 320 2949 delle
339 2927 464 2958 Deputaz.
486 2928 516 2950 di
531 2928 613 2950 staria
623 2928 714 2957 patria
733 2926 900 2949 deu'Emilia
914 2927 938 2949 N
952 2926 978 2950 S.
1120 2927 1130 2943 ³
1151 2928 1275 2953 Cassano
1295 2929 1405 2954 d’Adda
1424 2936 1440 2954 a
1459 2930 1532 2954 circa
1552 2936 1586 2960 30
1605 2930 1654 2955 kil.
1674 2930 1710 2954 da
1728 2930 1845 2955 Milano.

89 2969 146 2992 vol.
165 2969 198 2998 V,
218 2970 295 3000 parte
308 2969 328 2998 Ι,
345 2970 472 2999 Modena,
489 2970 562 2994 1880.
593 2969 605 2981 “
620 2970 672 2993 Die
691 2970 766 2993 iovis
783 2974 894 2993 xxvnn
913 2969 979 2992 maii

1955 2850 1985 2867 10

1999 746 2073 767 Moru,

2000 1805 2019 1817 c.
2035 1802 2081 1822 9⁶¹1

2092 746 2128 764 ⁴00
