2360 3603
216 647 286 668 Mun..
298 652 334 669 1137

246 969 264 983 c.
282 969 318 987 ,τις
327 970 340 982 v

372 2886 404 2903 10

427 244 494 278 148
1037 240 1351 275 CHRONICON
1382 238 1613 274 ESTENSE
2064 244 2119 278 [A.
2144 247 2234 278 1347!

413 373 560 404 adcessit
578 372 715 413 quidem
741 371 827 402 filius
852 370 978 401 domini
996 370 1226 410 Imperatoris,
1243 370 1300 412 qui
1318 370 1471 401 Bavarus
1487 369 1685 406 vocabatur,
1702 369 1746 400 ad
1764 369 1960 400 evitandum
1977 379 2028 406 ea,
2046 381 2110 411 que
2128 369 2235 401 facie-

416 426 498 457 bant
522 426 665 460 inimici3
691 430 723 455 et
748 424 912 454 miserunt
929 433 962 454 se
980 423 1024 454 ad
1040 423 1222 464 quemdam
1240 433 1385 464 passum,
1410 428 1447 453 ut
1463 432 1531 454 non
1555 422 1746 458 transirent,
1770 428 1804 453 et
1827 422 1875 453 sic
1900 422 2001 459 fecit;
2026 428 2235 464 quapropter

415 478 541 513 habuit,
568 484 601 508 et
625 476 802 518 acquisivit
828 476 979 507 Feltrum
995 475 1015 514 ¹,
1037 475 1251 508 Cividalem²
1275 481 1307 506 et
1330 480 1438 506 totum
1464 475 1635 507 Calorem.

505 531 636 561 Eodem
659 529 851 566 millesimo,
869 529 925 560 die
942 532 979 559 Χο
997 528 1121 559 mensis
1138 527 1253 559 madii.
1300 528 1466 558 Dominus
1481 527 1630 559 Karolus
1646 538 1707 558 rex
1723 526 1862 558 ssoemie
1881 527 2021 558 recessit
2038 528 2081 559 de
2105 528 2235 559 Trento

415 593 489 613 cum
515 583 677 623 episcopo
703 583 792 613 dicte
818 581 974 617 civitatis,
998 587 1031 612 et
1055 581 1197 623 ingressi
1215 587 1291 611 sunt
1314 580 1469 611 Castrum
1486 580 1627 612 barcum
1642 579 1652 596 ³
1670 580 1714 610 ad
1730 580 1978 621 parlamentum
1996 591 2073 612 cum
2098 579 2236 611 domino

411 635 558 666 Mastino
583 635 626 666 de
650 635 682 666 la
706 634 809 666 Scala
834 634 973 666 domino
991 633 1160 665 Gui'done
1185 634 1227 664 de
1254 634 1420 675 Goncaga
1444 638 1508 664 etc.

501 688 632 720 Eodem
658 688 848 723 millesimo,
875 687 930 718 die
956 696 992 717 xx
1016 686 1142 717 mensis
1167 686 1282 724 madii,
1306 696 1422 717 rumor
1453 686 1617 717 maximus
1640 686 1707 717 fuit
1737 686 1772 716 in
1804 685 1944 717 civitate
1969 685 2124 717 Bononie
2147 685 2236 717 inter

413 742 562 772 Blancos
585 741 686 782 ipsos,
709 747 788 772 tunc
816 740 860 770 ad
883 739 1045 770 solacium
1071 744 1233 780 equestre
1265 748 1327 779 per
1359 738 1534 770 civitatem
1567 738 1767 780 pergebant.
1795 739 1960 770 Dominus
1990 739 2167 781 Johannes
2201 743 2235 769 et

412 795 567 826 dominus
589 794 738 836 jacobus
763 794 805 824 de
824 793 960 833 Pepulis
976 792 1031 834 qui
1050 792 1197 823 scientes
1214 792 1289 828 hec,
1306 791 1416 822 statim
1434 792 1659 822 adcesserunt
1675 791 1836 832 plateam,
1851 791 1911 822 ubi
1926 791 1992 822 iam
2010 797 2105 823 erant
2122 801 2239 822 omnes

414 858 529 878 eorum
549 846 763 888 stipendiarii
780 845 912 887 pedites
935 852 968 876 et
991 850 1177 887 equestres.
1202 845 1302 876 Tunc
1327 844 1411 876 dicti
1437 844 1575 875 Domini
1599 844 1860 875 destinaverunt
1883 845 2016 886 aliquos
2032 844 2177 875 famulos
2194 843 2238 875 ad

414 910 594 936 rumorem,
618 906 651 930 et
674 900 917 940 instigaverunt
942 908 1015 932 eos;
1041 903 1074 929 et
1097 898 1145 928 sic
1169 908 1285 928 rumor
1309 897 1465 934 cessavit,
1489 903 1566 938 post
1590 898 1722 939 aliquos
1751 897 1825 928 dies
1857 897 1990 938 bapniti
2014 897 2154 928 fuerunt
2177 907 2238 928 sex

416 964 458 985 ex
480 953 580 985 dictis
605 952 778 989 Blanchis‚
803 951 861 993 qui
878 950 1059 982 ru'morem
1083 951 1289 992 inceperant
1313 956 1380 982 etc.

504 1006 634 1036 Eodem
659 1005 850 1043 millesimo,
875 1004 917 1035 de
941 1013 1056 1035 mense
1081 1003 1195 1034 madii.
1241 1004 1365 1035 Comes
1391 1003 1468 1045 Ugo
1493 1004 1535 1035 de
1559 1003 1666 1044 Balco
1690 1002 1733 1034 de
1758 1003 1910 1044 partibus
1927 1002 2052 1044 Apulie
2069 1002 2238 1044 adplicuit

415 1058 617 1095 Ferrariam,
640 1057 699 1089 ubi
723 1068 786 1098 per
810 1056 982 1088 dominum
1008 1056 1244 1087 Marchionem
1270 1055 1457 1088 honoratus
1481 1062 1548 1092 est;
1574 1056 1641 1087 alio
1663 1054 1720 1086 die
1743 1055 1915 1096 ingressus
1939 1061 1988 1086 est
2013 1066 2129 1087 versus
2157 1055 2240 1086 civi-

414 1117 518 1142 tatem
543 1111 650 1142 Feltri
674 1111 718 1142 ad
742 1110 991 1151 parlamentum
1017 1119 1093 1140 cum
1119 1109 1256 1140 domino
1280 1109 1412 1140 Karolo
1428 1109 1472 1140 de
1490 1108 1630 1140 Boemia
1647 1109 1704 1151 qui
1721 1108 1908 1140 vocabatur
1924 1108 2115 1149 Imperator
2131 1117 2241 1140 roma-

416 1175 534 1195 norum
561 1169 625 1194 etc.

500 1217 632 1248 Eodem
656 1215 837 1247 millesimo
862 1215 919 1246 die
944 1214 1005 1246 xx⁰
1030 1215 1155 1246 mensis
1180 1215 1296 1246 madii.
1322 1215 1451 1247 Civitas
1479 1225 1621 1246 romana
1649 1214 1797 1246 existens
1820 1214 1855 1245 in
1880 1215 2027 1246 maxima
2050 1213 2237 1251 discordia,

413 1270 501 1301 inter
525 1270 617 1301 cives
640 1269 846 1300 intrinsecos
870 1274 1012 1310 propter
1035 1269 1128 1310 quod
1152 1268 1247 1299 multi
1265 1269 1307 1299 de
1332 1268 1451 1299 alienis
1476 1268 1662 1309 provinciis
1685 1267 1891 1299 recusabant
1922 1267 2058 1298 visitare
2091 1267 2238 1298 Romam

414 1334 456 1354 ne
480 1323 513 1354 in
538 1323 658 1354 itinere
683 1322 947 1357 derobarentun
973 1331 1090 1362 quare,
1115 1327 1216 1362 prout
1239 1321 1355 1353 divine
1380 1320 1602 1352 Providentie
1627 1321 1768 1362 placuit,
1785 1321 1916 1352 electus
1939 1321 2005 1352 fuit
2035 1321 2070 1351 in
2102 1320 2240 1351 civitate

415 1376 572 1417 predicta
595 1374 751 1406 tribunus
776 1374 960 1406 Niccolaus
984 1375 1027 1405 de
1052 1374 1165 1405 Roma
1179 1374 1203 1410 ⁴,
1227 1384 1325 1416 quem
1352 1373 1503 1415 Populus
1519 1384 1677 1405 romanus
1694 1373 1908 1405 confirmavit
1923 1374 1957 1404 in
1974 1373 2239 1415 gubernatorem

417 1429 510 1461 dicte
535 1428 692 1464 civitatis,
715 1434 749 1459 et
771 1428 919 1468 expulsit
942 1432 1040 1458 extra
1064 1427 1238 1458 civitatem
1263 1427 1340 1458 illos
1364 1427 1421 1468 qui
1447 1437 1488 1458 ex
1519 1426 1680 1468 superbia
1710 1427 1804 1468 prius
1834 1425 2036 1468 regnabant,
2057 1431 2091 1457 et
2123 1435 2241 1456 omnes

420 1482 504 1513 alios
528 1481 770 1512 malefactores
794 1480 975 1521 dissipavit
1000 1486 1065 1512 ete.

502 1534 635 1566 Eodem
655 1533 833 1564 millesimo
851 1538 884 1564 et
900 1543 1017 1564 mense
1036 1533 1150 1564 madii.
1197 1533 1362 1564 Dominus
1380 1533 1582 1575 Dalphynus
1605 1534 1646 1564 de
1664 1533 1800 1563 Vienna
1814 1531 1825 1548 ⁵
1843 1532 2011 1564 recedens
2027 1532 2070 1564 de
2087 1531 2241 1573 partibus

417 1589 664 1620 Saracenorum
690 1587 850 1628 pervenit
874 1586 1047 1623 Venetias,
1072 1586 1128 1618 ubi
1153 1591 1304 1617 moratus
1328 1592 1377 1618 est
1402 1596 1463 1627 per
1487 1596 1648 1622 mensem,
1673 1585 1751 1627 quia
1776 1585 1899 1622 omnia,
1924 1595 1990 1627 que
2007 1584 2166 1621 habebat,
2181 1595 2241 1616 seu

417 1653 492 1673 cum
518 1651 559 1672 eo
584 1646 790 1681 portaverat,
814 1639 1075 1680 expendiderat‚
1099 1646 1132 1671 et
1161 1639 1261 1671 etiarn
1286 1650 1372 1671 uxor
1395 1639 1468 1670 eius
1493 1640 1658 1670 defuncta
1682 1644 1754 1670 erat
1771 1638 1804 1669 in
1834 1638 1900 1669 illis
1918 1638 2074 1679 partibus
2097 1636 2241 1669 Sarace-

415 1705 549 1726 norum:
575 1699 713 1735 propter
737 1703 820 1734 quas
845 1703 1022 1733 expensas,
1048 1699 1083 1724 et
1107 1692 1172 1723 alia
1197 1703 1262 1735 que
1284 1692 1347 1724 sibi
1373 1698 1589 1728 occurerunt,
1613 1692 1796 1724 tenebatur
1813 1691 1913 1722 alicui
1930 1691 2111 1723 occasione
2135 1690 2243 1722 mutui

417 1748 510 1779 circa
533 1752 632 1778 xxx¹¹¹
659 1747 825 1784 florenus,
849 1745 969 1787 quibus
993 1745 1187 1782 satisfactis,
1213 1745 1367 1777 discessit
1391 1746 1558 1783 Venefiis,
1583 1752 1616 1776 et
1639 1746 1702 1776 ivit
1725 1745 1759 1775 in
1784 1745 1937 1785 partibus
1960 1745 2038 1775 suis.

507 1800 636 1831 Eodem
664 1798 855 1835 millesimo,
879 1799 923 1830 de
947 1808 1064 1829 mense
1083 1798 1177 1829 iunii.
1203 1797 1422 1830 Honorabilis
1446 1798 1602 1829 dominus
1627 1798 1786 1830 dominus
1816 1797 2000 1828 Malatesta
2021 1797 2065 1829 de
2085 1796 2241 1828 Arimino

420 1853 504 1885 obiit
536 1853 568 1883 in
594 1852 730 1884 civitate
754 1851 868 1883 Oximi
884 1851 895 1868 ⁶
923 1851 1018 1882 circa
1042 1862 1142 1893 quam
1170 1857 1315 1882 steterat
1338 1851 1372 1881 in
1398 1851 1577 1883 obsidione
1601 1862 1665 1892 per
1688 1850 1835 1891 spatium
1859 1850 1954 1881 multi
1977 1849 2152 1891 temporis.

503 1906 635 1937 Eodem
660 1905 841 1936 millesimo
867 1911 900 1936 et
924 1915 1039 1936 mense
1064 1904 1157 1935 iunii.
1208 1904 1373 1935 Dominus
1397 1904 1550 1935 marchio
1581 1903 1833 1935 Montisferrati
1868 1904 1913 1934 ad
1943 1903 2142 1944 petitionem
2181 1903 2242 1934 do-

419 1960 499 1990 mini
524 1958 672 1991 Luchini
697 1958 920 1990 Vicecomitis
943 1958 1002 1989 ivit
1025 1958 1059 1988 in
1084 1957 1300 1989 obsidionem
1324 1958 1439 1994 castri,
1464 1957 1519 1988 vel
1544 1957 1690 1988 civitatis
1714 1956 1815 1987 Albe.
1859 1957 1961 1988 Cives
1991 1966 2061 1987 non
2091 1956 2243 1987 valentes

419 2019 537 2043 contra
562 2012 738 2053 predictos
762 2011 919 2043 dominos
943 2021 979 2041 se
1003 2011 1207 2048 defendere,
1231 2011 1406 2051 petierunt
1428 2017 1530 2051 pacta
1553 2010 1596 2041 ab
1611 2010 1670 2047 eis,
1687 2009 1821 2041 scilicet
1837 2020 1857 2040 a
1879 2009 2015 2041 domino
2040 2008 2243 2041 Marchione

418 2072 451 2097 et
473 2066 552 2103 suis,
576 2066 679 2107 quod,
699 2066 726 2096 si
749 2065 793 2096 ad
818 2070 948 2096 certum
974 2064 1157 2096 terminum
1182 2063 1340 2095 dominus
1364 2074 1479 2095 comes
1504 2062 1700 2096 Sabaudie7
1727 2063 1782 2095 vel
1799 2063 1961 2105 princeps
1978 2064 2020 2094 de
2042 2063 2075 2094 la
2091 2062 2210 2094 Morea
2222 2061 2244 2099 ⁸,

418 2129 485 2149 non
509 2124 709 2149 succureret
732 2118 792 2156 eis,
817 2118 992 2149 traderent
1019 2117 1192 2149 civitatem
1216 2117 1355 2148 domino
1379 2117 1583 2157 Marchioni,
1608 2117 1684 2148 vice
1710 2122 1742 2147 et
1774 2116 1904 2147 nomini
1937 2115 2066 2147 domini
2097 2115 2244 2147 Luchini

418 2171 581 2212 predicti;
600 2182 704 2212 quare
730 2180 829 2202 nemo
847 2171 1081 2211 predictorum
1102 2170 1232 2202 sucurit
1249 2169 1308 2207 eis,
1327 2176 1360 2201 et
1377 2170 1491 2201 coacti
1508 2175 1585 2201 sunt
1602 2168 1703 2201 reddi
1719 2169 1893 2201 civitatem
1907 2171 1917 2188 ⁹
1935 2175 1971 2200 ut
1987 2169 2241 2210 promixerant3

420 2230 453 2255 et
475 2224 524 2255 sic
550 2224 691 2255 tradidit
715 2224 856 2255 domino
880 2223 1041 2255 Luchino
1067 2229 1133 2255 etc.

509 2276 637 2308 Eodem
654 2276 845 2314 millesimo,
862 2277 917 2308 die
932 2275 982 2307 X1⁰
1000 2276 1126 2308 mensis
1141 2276 1237 2307 iunii.
1277 2276 1442 2308 Dominus
1458 2275 1624 2307 Mastinus
1641 2276 1684 2307 de
1703 2276 1734 2307 la
1749 2275 1850 2307 Scala
1864 2275 1927 2307 ivit
1939 2275 1982 2307 ad
1998 2275 2245 2317 parlamentum

512 2439 534 2456 1.
555 2433 668 2463 quidam
689 2433 766 2456 Mun.
788 2446 818 2449 —
839 2439 864 2457 2.
883 2439 1014 2463 passuum
1034 2432 1087 2455 ΑΒ
1106 2446 1136 2449 —
1159 2437 1198 2462 17.
1218 2431 1355 2462 existens]
1376 2432 1514 2455 existebat
1534 2431 1611 2455 Mun.
1634 2444 1662 2448 —
1684 2438 1724 2462 23.
1745 2431 1778 2454 de
1793 2431 1885 2461 prima
1905 2431 1934 2454 di
1947 2431 2073 2460 partibus
2087 2438 2178 2454 manca
2191 2430 2217 2454 in
2231 2430 2255 2454 A

425 2488 456 2490 —
477 2482 518 2505 3¹·
537 2477 658 2498 castrum
674 2475 697 2498 A
718 2488 749 2491 —-
769 2481 811 2506 35.
831 2475 944 2497 reddere
964 2482 1033 2497 corr.
1053 2474 1130 2498 Mun.
1151 2487 1183 2490 —
1203 2473 1244 2504 36.
1266 2474 1331 2503 dopo
1351 2474 1390 2497 sic
1410 2474 1487 2497 Mun.
1508 2475 1540 2496 lm
1560 2473 1687 2497 Marchio

513 2583 519 2598 ¹
541 2584 642 2612 Feltre,
662 2591 677 2608 a
697 2590 730 2615 30
749 2584 800 2608 kil.
820 2584 853 2608 da
873 2584 1008 2608 Belluno.
1363 2583 1513 2608 Lodovieo
1533 2584 1560 2607 di
1582 2584 1695 2608 Savoia.

512 2625 521 2640 ²
542 2626 684 2656 Civldale,
704 2633 719 2649 a
742 2626 772 2650 16
792 2626 841 2649 kil.
863 2626 897 2649 da
917 2626 1022 2651 Udine.
1450 2623 1461 2640 ⁸
1481 2624 1621 2648 Giacomo
1641 2625 1670 2648 di
1688 2625 1904 2649 Savoia-Acaia.

512 2666 522 2682 ³
543 2669 641 2691 Presso
662 2668 747 2695 Avio,
768 2676 792 2692 v.
814 2676 834 2691 r.
855 2675 870 2691 a
890 2676 917 2699 p.
940 2674 996 2699 137,
1017 2676 1043 2691 n.
1063 2666 1087 2691 6.
1449 2665 1460 2682 ⁹
1479 2667 1519 2691 La
1540 2674 1599 2690 resa
1620 2674 1747 2690 avvenne
1766 2667 1787 2690 il
1810 2665 1841 2690 16
1855 2666 1963 2697 giugno
1980 2671 2054 2696 1347.
2090 2665 2102 2688 I
2116 2664 2248 2689 visconti

513 2710 522 2723 ⁴
544 2710 640 2733 Anche
661 2710 681 2733 il
704 2711 798 2733 Chron.
821 2711 918 2733 Alutin.
939 2710 977 2739 (n.
997 2710 1059 2740 ed.),
1080 2710 1139 2738 XV,
1159 2717 1185 2742 p.
1209 2717 1265 2741 134.
1285 2711 1307 2733 si
1364 2717 1396 2732 ne
1416 2711 1534 2732 tenuero
1555 2709 1575 2732 il
1597 2716 1725 2739 possesso
1745 2716 1792 2739 per
1812 2709 1890 2738 quasi
1911 2715 1947 2731 un
1963 2707 2110 2737 decennio,
2123 2706 2213 2731 finche
2225 2706 2247 2730 il

426 2752 542 2775 aecor-da
572 2752 646 2775 nella
675 2752 826 2775 datazione
855 2752 881 2774 di
913 2753 1012 2782 questo
1041 2753 1240 2775 avvenimento
1265 2752 1310 2775 col
1363 2759 1378 2782 4
1398 2751 1525 2774 sebbraio
1549 2750 1614 2782 1356
1627 2747 1710 2782 passo
1723 2751 1754 2774 in
1769 2750 1898 2773 dominio
1913 2750 1939 2773 al
1953 2749 2095 2773 Marchese
2109 2748 2153 2772 del
2168 2749 2247 2772 Mon-

429 2794 520 2817 chron.
542 2794 609 2820 Est.,
630 2799 672 2815 ma
692 2792 764 2816 Cola
784 2793 813 2816 dl
833 2792 865 2816 R.
885 2800 977 2816 ascese
999 2792 1026 2816 al
1055 2793 1202 2816 tribunato
1230 2793 1249 2816 il
1280 2800 1310 2824 19
1365 2793 1477 2821 ferrato,
1499 2792 1646 2816 Giovanni
1674 2792 1699 2815 ΙΙ
1725 2792 1888 2823 Paleologo.
1926 2791 2081 2815 Restituita
2108 2790 2153 2814 nel
2182 2789 2248 2821 1358

428 2836 550 2867 maggio.
1363 2843 1411 2867 per
1431 2835 1498 2858 lodo
1513 2834 1652 2865 deli’imp.
1667 2833 1753 2858 Carlo
1766 2833 1805 2857 1V
1819 2841 1833 2857 a
1848 2833 1985 2857 Galeazzo
2001 2833 2140 2861 Visconti,
2155 2834 2246 2864 questi

514 2876 524 2890 ⁵
544 2877 679 2900 Utuberto
699 2878 731 2900 ‹le
750 2877 898 2907 Vtunnots,
922 2885 946 2901 v.
965 2885 986 2901 r.
1007 2884 1022 2900 a
1042 2885 1069 2909 p.
1093 2885 1148 2908 134,
1164 2879 1231 2901 uota
1254 2885 1274 2901 1.
1363 2877 1391 2900 la
1411 2877 1491 2900 diede
1511 2877 1559 2909 poi
1581 2878 1608 2899 in
1630 2877 1694 2899 dote
1715 2876 1770 2899 alla
1790 2876 1868 2907 figlia
1888 2875 2031 2900 Violante.
2052 2882 2136 2907 sposa
2149 2881 2165 2898 a
2178 2873 2247 2898 Lio-

516 2918 526 2933 ‘⁶’
546 2919 653 2947 Osimo,
673 2927 687 2942 a
708 2925 739 2951 32
760 2919 810 2943 kil.
830 2921 904 2943 circa
924 2920 957 2943 da
978 2920 1118 2943 Macerata
1145 2928 1158 2942 e
1185 2928 1198 2943 a
1228 2927 1257 2948 ιφ
1277 2921 1310 2943 da
1364 2919 1441 2942 nello
1461 2919 1529 2942 duca
1550 2919 1576 2942 di
1599 2917 1736 2942 Clarence
1757 2920 1791 2944 (a.
1813 2916 1897 2949 1368).
1934 2918 1964 2941 F.
1978 2917 2126 2944 GAnor'ro,
2142 2917 2247 2946 Appen-

430 2961 558 2984 Ancona.
1364 2961 1421 2984 dice
1440 2961 1639 2984 docmnentaria
1660 2962 1688 2983 al
1709 2961 1853 2991 Reg'eslum
1876 2959 1997 2983 Comum's
2011 2960 2088 2982 Albe.
2130 2959 2249 2982 Introdu-

514 3001 523 3017 7
544 3003 667 3026 Ama-deo
690 3002 725 3025 VI
747 3003 765 3025 il
792 3002 853 3026 C.te
879 3003 979 3030 Verde,
1006 3005 1084 3026 sotto
1112 3003 1139 3025 la
1165 3003 1254 3026 tutela
1281 3003 1308 3025 di
1364 3003 1444 3029 aioney
1465 3010 1509 3033 pp.
1530 3008 1734 3029 xxxu-xxxul,
1754 3001 1898 3029 Pinerolo,
1921 3007 1996 3031 1912.

2265 844 2302 875 10

2268 1107 2304 1139 15

2263 1374 2304 1403 20

2265 1637 2305 1668 25

2266 1903 2306 1934 30

2267 2168 2308 2199 35

2278 2627 2307 2654 15

2277 2839 2310 2856 20
