2360 3603
86 854 123 885 10

85 1119 121 1150 15

78 1386 120 1415 20

78 1648 118 1680 25

75 1916 117 1946 30

76 2179 116 2213 35

73 2447 113 2477 40

73 2711 113 2742 45

150 253 202 288 [A.
226 255 317 287 1353]
775 248 1091 284 CHRONICON
1120 248 1346 284 ESTENSE
1898 250 1964 287 187

149 379 271 420 petivit
293 379 468 411 licentiam
491 379 656 410 mictendi
681 380 808 411 dictum
832 379 1035 410 familiarem
1061 379 1241 421 Neapolim
1267 389 1329 421 pro
1353 379 1420 410 suis
1443 379 1601 417 servitiis,
1625 386 1658 411 et
1681 389 1846 411 concessa
1863 386 1914 411 est
1939 380 1968 410 ei

148 432 287 462 licentia
311 432 424 463 eundi.
472 431 540 469 Qui
564 432 742 463 ‚familiaris
760 432 824 463 ivit
840 431 1045 463 Avinionem
1065 438 1098 463 et
1122 432 1253 464 locutus
1270 438 1321 464 est
1339 443 1415 463 cum
1432 432 1603 473 aliquibus
1622 432 1851 464 cardinalibus
1867 443 1969 473 super

149 484 251 515 factis
275 484 444 516 dictorum
469 485 639 521 ReaHum,
662 484 947 516 recommendans
979 495 1036 516 eos
1060 485 1300 522 cardinalibus,
1333 486 1390 527 qui
1414 492 1621 527 rogaverunt
1645 486 1820 517 dominum
1844 496 1967 527 papam

148 537 360 568 Clementem
384 543 525 574 sextum,
549 543 582 569 et
604 537 636 568 ei
660 537 926 578 suplicaverunt,
959 537 1051 580 quod
1082 548 1149 569 non
1181 538 1400 579 permicteret
1431 538 1557 569 Reales
1588 538 1732 578 amplius
1763 544 1969 575 carceratos,

147 590 308 631 quoniam
334 591 544 622 Francorum
569 596 664 621 erant
687 596 720 621 et
743 590 947 621 innocentes
971 592 1106 632 peccati
1123 591 1293 621 commissi
1310 597 1346 622 ut
1361 601 1472 631 supra.
1520 590 1590 627 Qui
1607 589 1702 631 Papa
1719 596 1829 622 motus
1846 591 1969 631 pietate

146 643 332 675 destinavit
355 643 624 675 ambaxiatorem
649 653 743 674 suum
767 644 841 685 regi
865 643 1018 685 Ungarie
1043 644 1224 686 quemdam
1251 644 1463 685 episcopum,
1489 650 1522 674 ut
1546 655 1589 674 ex
1606 650 1702 685 parte
1720 644 1849 675 domini
1875 644 1967 685 Pape

145 701 283 737 rogaret
306 696 451 738 Regem,
475 696 567 738 quod
591 695 784 728 dimicteret
807 696 883 727 illos
901 697 1029 728 Reales
1046 697 1089 727 de
1106 696 1314 734 carceribus,
1332 697 1491 738 quoniam
1510 698 1581 728 eius
1598 697 1844 739 consanguinei
1861 703 1970 735 erant,

146 754 180 779 et
203 748 415 786 innocentes,
440 755 474 780 et
497 748 524 780 si
548 749 613 780 hoc
638 749 784 787 faceret,
807 749 871 780 sibi
895 749 970 780 dari
993 749 1126 780 faceret
1149 760 1306 791 magnam
1332 749 1556 791 quantitatem
1574 750 1730 791 pecunie,
1749 756 1783 780 et
1807 749 1869 780 sibi
1888 759 1969 780 con—

147 802 286 833 cederet
309 802 459 833 decimas
483 801 585 833 totius
609 801 762 843 Ungarie
787 812 848 842 per
871 812 1030 844 magnum
1054 808 1198 844 tempus,
1222 812 1286 844 que
1319 802 1433 833 omnia
1463 802 1576 834 dictus
1608 803 1800 843 Episcopus
1816 803 1969 834 narravit

148 855 287 887 domino
310 855 412 897 Regi.
460 854 594 886 Deinde
618 855 776 886 dominus
798 855 877 886 Rex
900 856 1107 897 congregari
1131 855 1214 887 feeit
1238 855 1415 886 consilium
1439 866 1546 895 suum,
1572 861 1605 886 et
1636 854 1839 887 deliberavit
1864 855 1969 887 desti-

146 917 229 939 nare
253 907 501 939 ambaxiatores
526 908 664 939 domino
688 907 843 949 Principi
867 908 911 939 ad
935 908 1147 940 audiendum
1170 908 1397 940 intentionem
1421 919 1525 945 suam,
1550 914 1583 940 et
1600 908 1719 940 habita
1734 909 1969 950 responsione,

146 966 353 992 naraverunt
376 960 514 992 domino
540 961 641 1001 Regi,
666 961 709 992 de
733 971 800 1002 qua
823 966 1001 992 contentus
1026 961 1099 992 fuit.
1146 961 1280 992 Deinde
1298 961 1455 993 dominus
1472 962 1551 992 Rex
1569 961 1653 993 fecit
1671 962 1838 993 accedere
1857 971 1970 992 coram

146 1024 181 1044 se
206 1013 377 1045 dominum
402 1013 612 1054 Principem,
637 1020 670 1045 et
692 1014 782 1045 illari
806 1014 900 1045 vultu
923 1015 1057 1055 recepit
1081 1024 1168 1044 eum.
1216 1014 1350 1045 Deinde
1375 1014 1542 1055 Princeps
1575 1015 1662 1046 dixit
1693 1015 1831 1046 domino
1856 1014 1968 1056 Regi:

147 1067 233 1108 Ego
249 1078 318 1098 sum
335 1071 444 1098 vester
461 1068 735 1109 consanguineus,
753 1072 786 1098 et
807 1067 1085 1107 servitorfidelis,
1102 1072 1133 1098 et
1155 1071 1287 1109 semper
1303 1068 1375 1098 volo
1404 1078 1481 1098 esse.
1528 1069 1628 1098 Tunc
1653 1068 1737 1099 dixit
1762 1069 1856 1099 Rex:
1887 1068 1969 1109 Ego

146 1120 229 1158 volo,
253 1130 308 1151 vos
331 1121 381 1151 ire
405 1121 451 1151 nd
462 1117 618 1162 fratrem
642 1126 789 1152 vestrum
820 1131 892 1151 cum
924 1120 1207 1151 ambaxiatorzbus
1239 1121 1328 1160 meis,
1354 1124 1386 1151 el.
1417 1121 1531 1151 audite
1562 1121 1769 1152 intentionem
1800 1121 1879 1151 cius.
1928 1120 1970 1151 Et

146 1172 290 1214 ingressi
314 1179 391 1204 sunt
414 1173 457 1204 ad
482 1182 568 1209 eum,
594 1174 652 1214 qui
677 1173 766 1205 illari
792 1172 880 1204 facie
904 1173 1095 1214 respondit.
1112 1178 1145 1204 et
1161 1173 1414 1214 responderunt
1431 1173 1532 1215 Regi,
1550 1179 1583 1204 et
1607 1174 1637 1204 ei
1663 1173 1803 1205 multum
1828 1174 1969 1213 placuit.

143 1226 243 1257 Tunc
267 1226 346 1257 Rex
369 1225 477 1257 voluit
500 1226 591 1267 ipsos
614 1226 728 1257 redire
751 1226 796 1257 acl
831 1226 1022 1267 predictum
1046 1232 1206 1261 castrum,
1231 1231 1263 1256 et
1294 1226 1383 1257 scire
1414 1226 1637 1257 intentionem
1670 1226 1800 1258 domini
1824 1226 1969 1257 Roberti

144 1284 177 1310 et
200 1278 328 1310 domini
352 1278 523 1322 Phylypy,
548 1279 689 1310 fratrum
715 1280 841 1310 ducum
864 1279 1015 1316 Duraeii,
1040 1279 1097 1320 qui
1120 1278 1221 1309 etiam
1246 1278 1415 1310 carcerati
1432 1284 1529 1310 erant
1546 1290 1622 1310 cum
1639 1279 1862 1321 principibus,
1882 1289 1966 1319 quos

142 1332 255 1363 Duces
279 1332 482 1363 invenerunt
506 1332 607 1363 valde
633 1333 747 1369 duros,
772 1332 828 1374 qui
853 1342 997 1373 parcere
1020 1332 1183 1363 nolebant
1207 1332 1297 1374 Regi
1322 1338 1464 1363 mortem
1490 1332 1603 1363 fratris
1627 1343 1744 1364 eorum
1776 1331 1874 1363 ducis
1897 1332 1969 1362 Du-

143 1385 230 1416 ratii.
276 1385 409 1416 Tamen
433 1385 467 1416 in
492 1385 558 1416 fine
584 1385 852 1423 consentierunt,
877 1385 967 1416 unde
992 1395 1110 1416 omnes
1134 1385 1282 1426 predicti
1313 1385 1512 1417 iuraverunt
1543 1396 1726 1427 numquam
1758 1386 1888 1422 facere,
1913 1385 1969 1416 vel

144 1438 385 1469 contravenire
409 1438 546 1469 domino
571 1438 673 1479 Regi,
698 1445 731 1469 et
755 1439 848 1480 quod
872 1438 906 1468 in
929 1448 1094 1480 processu
1111 1437 1274 1479 temporis
1289 1448 1390 1469 nemo
1407 1439 1553 1479 partium
1571 1438 1717 1479 amplius
1740 1438 1968 1470 recordaren-

145 1496 198 1522 tur
221 1491 264 1522 de
287 1490 428 1522 mortuis
451 1497 529 1527 etc.‚
554 1496 587 1522 et
610 1490 766 1522 similiter
789 1490 914 1522 iuravit
938 1490 1095 1521 dominus
1119 1491 1209 1522 Rex.
1255 1490 1355 1522 Tunc
1380 1490 1548 1532 Princeps
1571 1496 1606 1522 et
1630 1491 1737 1522 frater
1760 1491 1834 1522 eius
1857 1500 1969 1522 reces-

144 1549 259 1575 serunt
283 1543 324 1574 de
350 1549 441 1574 terra
464 1543 573 1580 Bude,
598 1550 631 1574 et
654 1543 799 1586 ingressi
823 1550 900 1575 sunt
931 1543 1106 1581 Venetias,
1139 1549 1172 1574 et
1203 1542 1251 1574 ibi
1282 1549 1553 1584 expectaverunt
1583 1544 1857 1586 consanguineos
1880 1554 1968 1579 suos,

142 1597 200 1638 qui
223 1602 300 1637 post
322 1607 451 1638 paucos
475 1595 548 1627 dies
572 1597 803 1638 aplicuerunt'
832 1596 1009 1633 Venetias‚
1041 1596 1169 1627 deinde
1200 1596 1337 1627 insimul
1368 1597 1506 1627 iverunt
1537 1596 1667 1633 Padue,
1699 1596 1826 1628 deinde
1859 1596 1966 1628 Rodi-

143 1649 210 1691 gio,
233 1650 292 1681 ubi
317 1650 461 1681 accessit
484 1649 640 1681 dominus
666 1648 952 1681 Aldrovandinus
976 1649 1128 1681 marchio
1153 1650 1295 1681 estensis
1320 1655 1396 1687 etc.‚
1421 1650 1547 1681 deinde
1564 1656 1735 1681 venerunt
1751 1660 1867 1681 omnes
1885 1651 1967 1681 Fer-

141 1703 265 1734 rariam
290 1703 322 1733 in
348 1703 449 1734 domo
474 1703 600 1734 domini
625 1702 848 1740 Marchionis‚
872 1710 905 1735 et
921 1713 982 1744 per
1006 1708 1110 1734 totam
1135 1703 1309 1734 civitatem
1334 1703 1479 1733 maxima
1502 1703 1644 1734 sollacia
1669 1709 1703 1734 et
1725 1703 1853 1745 gaudia
1877 1703 1969 1734 facta

142 1762 217 1787 sunt
240 1761 316 1794 etc.‚
341 1761 374 1787 et
397 1756 431 1786 in
454 1766 592 1787 recessu
616 1767 733 1788 eorum
757 1755 913 1787 dominus
935 1755 1094 1787 Marchio
1119 1756 1203 1787 fecit
1227 1755 1274 1787 eis
1299 1756 1494 1797 prexentari
1518 1762 1602 1787 11110r
1626 1756 1810 1788 destrerios
1835 1762 1868 1787 et
1884 1760 1967 1786 11110¹'

140 1808 305 1847 falcones,
330 1815 363 1840 et
386 1809 450 1840 ivit
482 1809 516 1840 in
539 1809 696 1841 sotietate
719 1809 869 1850 ipsorum
893 1809 1120 1850 personaliter
1145 1819 1250 1851 usque
1276 1808 1465 1851 Argentam
1490 1819 1566 1840 cum
1592 1809 1739 1840 maximo
1768 1809 1909 1845 honore,
1934 1815 1968 1840 et

141 1868 218 1903 post
241 1872 282 1893 ea
305 1867 522 1893 recesserunt
546 1868 579 1894 et
603 1862 745 1904 ingressi
770 1868 848 1893 sunt
871 1862 1061 1893 Furlivium
1085 1868 1151 1893 etc.

228 1915 362 1947 Eodem
384 1915 576 1952 millesimo,
600 1915 655 1947 die
680 1915 748 1946 ΧΠο
771 1915 894 1947 mensis
918 1915 1097 1947 februarii.
1145 1915 1234 1946 Iusta
1258 1915 1590 1957 Constantinopolim
1608 1922 1641 1947 et
1659 1916 1778 1946 Peram
1802 1915 1868 1946 fuit
1892 1925 1969 1956 pre-

139 1968 219 1999 lium
243 1968 423 1999 maximum
447 1968 537 1999 inter
559 1968 747 2010 Januenses
771 1979 813 2000 ex
837 1979 904 2000 una
928 1975 1037 2010 parte,
1061 1974 1095 1999 et
1118 1968 1270 2000 Venetos
1295 1975 1327 2000 et
1351 1969 1537 2000 Catelanos
1562 1979 1602 2000 ex
1634 1968 1711 2005 alia,
1736 1974 1770 1999 et
1797 1968 1890 1999 multi
1924 1979 1966 1998 ex

141 2028 283 2063 utraque
308 2027 404 2062 parte
428 2022 552 2052 mortui
577 2022 719 2053 fuerunt
742 2027 818 2057 etc.‚
843 2027 955 2052 tamen
980 2022 1172 2063 Januenses
1196 2021 1430 2053 obtinuerunt.

228 2073 360 2106 Eodem
384 2074 576 2113 millesimo,
600 2074 657 2105 die
683 2075 805 2106 xxuu⁰
828 2074 1006 2106 februarii.
1053 2074 1159 2106 Facta
1176 2081 1226 2106 est
1242 2075 1276 2106 in
1294 2075 1435 2106 Feraria
1451 2076 1599 2106 maxima
1617 2076 1753 2106 eolucta
1770 2084 1871 2116 super
1889 2074 1962 2116 pla-

139 2133 229 2159 team
254 2127 411 2159 Ferrarie
436 2133 501 2159 etc.

230 2181 362 2212 Eodem
387 2180 578 2218 millesimo,
604 2181 647 2212 de
672 2191 786 2213 mense
811 2181 934 2213 martii.
980 2181 1117 2213 Divixio
1149 2181 1297 2213 maxima
1322 2187 1355 2213 et
1379 2183 1467 2212 mala
1498 2182 1679 2222 volunptas
1705 2182 1854 2212 existens
1878 2181 1964 2212 inter

141 2234 315 2265 dominum
340 2233 556 2265 Malatestam
580 2234 623 2265 de
647 2233 803 2266 Arimino
828 2241 893 2266 etc.
919 2240 952 2266 et
981 2235 1152 2266 Gentilem
1171 2236 1214 2266 de
1231 2234 1413 2270 Molliano;
1440 2234 1586 2266 Gentilis
1610 2234 1729 2265 timens
1747 2235 1790 2266 de
1808 2234 1964 2275 potentia

140 2286 267 2318 domini
292 2287 474 2318 Malateste
498 2287 670 2329 ingressus
686 2294 738 2320 est
754 2287 987 2320 Mediolanum
1005 2289 1049 2319 ad
1066 2289 1239 2319 dominum
1258 2288 1581 2329 Archiepiscopum‚
1599 2287 1786 2328 implorans
1802 2287 1963 2319 auxilium

138 2340 222 2377 eius,
247 2340 305 2382 qui
328 2340 448 2371 facere
472 2340 653 2376 recusavit,
678 2341 804 2373 deinde
828 2350 984 2372 reversus
1002 2347 1052 2372 est
1068 2341 1253 2378 Ferariam,
1272 2346 1304 2371 et
1321 2340 1477 2372 similiter
1492 2340 1689 2381 imploravit
1714 2340 1852 2371 domino
1877 2350 1966 2370 mar-

140 2392 255 2424 chioni
279 2391 546 2424 Aldrovandino
570 2393 743 2431 auxilium,
768 2394 825 2435 qui
850 2394 952 2425 etiam
978 2394 1151 2425 recusavit
1174 2394 1304 2430 facere,
1328 2393 1456 2424 deinde
1481 2393 1625 2424 recessit
1641 2398 1674 2424 et
1692 2393 1750 2423 ivit
1774 2392 1962 2424 Forlivium

139 2452 172 2477 et
194 2445 411 2483 Fabrianum,
436 2451 470 2476 et
494 2446 631 2487 accepit
654 2456 706 2477 ΧΠ
730 2447 915 2478 banderias
939 2448 983 2478 ad
1007 2447 1218 2488 stipendium
1234 2457 1330 2477 suum
1349 2452 1382 2478 et
1398 2457 1533 2477 suorum
1552 2447 1780 2477 denariorum.
1828 2447 1963 2477 Deinde

137 2499 254 2530 volens
277 2499 414 2540 ingredi
438 2499 598 2535 Firmum,
623 2499 780 2530 dominus
804 2499 986 2531 Malatesta
1009 2510 1087 2531 cum
1111 2500 1178 2530 suis
1195 2500 1330 2530 iverunt
1354 2500 1398 2530 ad
1423 2499 1604 2541 quemdam
1630 2500 1755 2539 locum,
1780 2509 1848 2541 quo
1873 2506 1964 2531 tran-

135 2553 204 2583 sire
229 2552 379 2583 debebat
403 2552 560 2588 Gentilis;
586 2553 679 2594 quod
703 2552 846 2584 audiens
871 2553 1031 2591 Gentilis,
1056 2552 1177 2584 furtive
1202 2553 1345 2583 recessit
1369 2563 1444 2583 cum
1469 2562 1492 2583 v
1515 2552 1619 2589 sotiis,
1644 2559 1677 2584 et
1710 2553 1837 2583 dimisit
1868 2553 1963 2589 alios,

138 2612 172 2636 et
195 2605 332 2636 iverunt
355 2611 489 2645 portum
513 2605 647 2637 Cesene
663 2605 682 2642 ¹,
701 2612 734 2637 et
750 2606 917 2637 intrantes
941 2606 1019 2636 navi
1036 2606 1181 2647 ingressi
1199 2611 1276 2636 sunt
1294 2605 1453 2636 Firmum.
1493 2605 1562 2636 Alii
1580 2605 1793 2646 stipendiarii
1811 2605 1964 2636 volentes

140 2659 188 2689 ire
213 2658 373 2695 Firmum,
397 2658 568 2689 irruerunt
591 2658 624 2688 in
651 2657 824 2689 dominum
848 2659 1065 2689 Malatestam
1091 2665 1124 2689 et
1147 2668 1236 2696 suos,
1261 2665 1294 2689 et
1318 2658 1443 2690 bellum
1469 2658 1512 2689 ad
1537 2658 1686 2689 invicem
1708 2658 1963 2697 commiserunt,

139 2717 252 2742 tamen
275 2711 433 2741 dominus
458 2709 642 2742 Malatesta
667 2721 742 2742 cum
767 2712 835 2742 suis
860 2711 1089 2742 conflixerunt
1112 2711 1207 2748 alios,
1231 2718 1266 2743 et
1290 2711 1380 2751 capti
1405 2716 1482 2741 sunt
1505 2721 1567 2751 pro
1593 2711 1713 2742 maiori
1737 2717 1843 2752 parte.

229 2847 250 2863 1.
272 2840 406 2863 famulum
428 2839 505 2863 MUR.
528 2853 557 2857 -—-
579 2846 602 2863 2.
631 2840 752 2863 famulus
779 2841 855 2864 Mun.
882 2854 913 2856 —
934 2840 958 2863 6.
985 2842 1040 2871 regi
1064 2839 1188 2871 Ungarie
1209 2848 1276 2871 agg.
1297 2840 1322 2862 ιἰι
1344 2840 1475 2871 margine,
1496 2840 1525 2863 di
1539 2841 1630 2869 prima
1651 2849 1733 2867 memo,
1759 2848 1804 2864 con
1829 2848 1910 2871 segma
1936 2842 1965 2863 αἰ·

140 2882 275 2910 νῐεΙιιίιηιο,
295 2882 320 2904 iu
341 2882 364 2905 A
385 2894 417 2899 —
438 2886 461 2912 7.
481 2882 688 2912 consanguinei
708 2883 768 2905 eius
789 2882 902 2905 BMUR.
923 2895 952 2899 -
973 2888 1062 2912 24-25.
1081 2882 1203 2905 Paduam
1216 2898 1238 2905 ..
1251 2900 1274 2906 ..
1296 2882 1447 2912 Rodigium
1468 2890 1538 2906 corr.
1557 2881 1634 2906 Mun.
1655 2895 1688 2898 -«
1710 2888 1748 2912 27.
1776 2882 1912 2905 destcrios
1941 2883 1962 2905 A

140 2937 172 2941 -
193 2929 233 2955 37,
253 2932 267 2947 a
288 2923 405 2947 domino
425 2923 502 2947 Mun.
525 2937 554 2940 —
575 2930 617 2954 39.
636 2923 734 2954 etiam]
755 2926 782 2947 et
801 2924 912 2948 BMUR.
933 2938 964 2940 —
986 2931 1026 2954 42.
1047 2924 1133 2947 sociis
1152 2930 1170 2947 v
1191 2924 1268 2947 MUR.
1290 2937 1319 2941 —
1341 2931 1381 2954 43.
1402 2924 1496 2947 navim
1517 2932 1586 2947 corr.
1606 2924 1684 2947 Mra.

228 3019 234 3035 ¹
255 3019 424 3044 Cesenatico
444 3028 457 3044 a
482 3026 509 3050 15
531 3020 580 3043 kil.
601 3021 634 3044 (la
661 3019 777 3044 Cesena.

2025 1289 2097 1312 Mum,
2114 1294 2150 1312 4711

2043 1607 2062 1620 c.
2079 1607 2116 1625 uo
2123 1607 2136 1620 ν
