2360 3603
208 925 226 939 c.
242 925 278 942 lya
288 926 302 937 v

180 1816 252 1837 Μυκη
271 1817 309 1838 460

400 250 468 288 172
1014 251 1320 286 CHRONICON
1351 250 1578 286 ESTENSE
2038 258 2087 292 [A.
2109 259 2201 292 1350]

391 391 474 423 caga
499 391 540 411 ex
564 386 659 421 parte
684 379 898 411 dominorum
922 380 1075 418 Mantue‚
1100 380 1261 423 quoniam
1286 380 1493 421 displicebat
1516 381 1576 418 eis,
1601 382 1693 422 quod
1725 381 1783 412 tali
1814 381 1936 413 fraude
1969 382 2104 413 comitis
2129 382 2202 414 Ro-

389 433 559 463 mandiole
584 432 712 464 domini
738 433 890 464 Bononie
916 433 1099 472 civitatem,
1125 439 1158 464 et
1181 434 1247 464 alia
1271 433 1508 465 admicterent.

476 485 607 516 Eodem
632 485 815 516 millesimo
840 491 874 516 et
896 495 1020 517 mense.
1065 485 1224 516 Existens
1248 492 1443 517 carceratus
1467 487 1625 517 dominus
1647 486 1822 528 johannes
1846 487 1888 518 de
1906 486 2054 527 PepuHs,
2080 497 2200 518 comes

390 537 618 569 Romandiole
644 547 719 568 cum
737 538 890 569 exercitu
906 539 1078 579 ingressus
1094 544 1144 569 est
1161 537 1315 569 Bononie
1332 538 1522 569 civitatem:
1542 539 1634 581 quod
1651 539 1799 570 sentiens
1817 539 1973 570 dominus
1988 539 2140 581 jacobus
2156 540 2199 571 de

391 591 528 631 Pepulis
551 596 707 621 strenuus
730 591 836 628 miles,
861 591 1018 622 dominus
1041 591 1204 627 Bononie‚
1222 591 1356 622 lieteras
1374 591 1560 623 destinavit
1577 591 1716 622 domino
1734 592 1814 622 duci
1831 591 2020 623 Guerniero
2038 592 2131 633 quod
2147 592 2196 623 ibi

390 644 546 675 celeriter
570 644 714 674 accedat
738 653 814 675 cum
840 643 1008 675 Sotietate
1032 643 1102 674 eius
1125 643 1161 673 in
1185 643 1386 674 defensione
1411 655 1468 675 sue
1494 644 1658 680 civitatis3
1683 650 1716 675 et
1739 644 1789 676 sic
1813 644 1898 675 fecit
1921 650 1985 676 etc.

475 696 605 727 Eodem
629 696 809 727 millesimo
833 702 864 728 et
888 707 1002 726 mense
1018 696 1102 738 julii.
1149 696 1313 727 Dominus
1328 696 1526 728 Ludovicus
1541 697 1704 738 princeps
1720 697 1880 729 Tarantri
1899 702 1932 728 et
1948 707 2007 728 rex
2023 697 2203 738 Neapolim

388 749 584 790 imploravit
606 749 766 780 auxilium
792 749 1010 791 Januensium
1027 759 1089 789 pro
1113 749 1184 780 eius
1207 749 1422 780 defensione.
1457 749 1558 781 Tunc
1583 759 1728 781 comune
1751 750 1860 791 Janue
1884 749 2048 790 promixit
2063 749 2095 780 ei
2119 751 2204 782 duo-

389 802 500 834 decim
524 802 631 844 galias
654 802 793 833 fulcitas
817 802 978 842 expensis
1001 801 1084 833 dicti
1109 802 1280 837 comunis;
1306 808 1538 833 verumtamen
1562 803 1745 834 Ianuenses
1768 803 1941 844 petierunt
1970 802 2109 834 domino
2132 803 2202 834 Lu-

387 856 509 887 dovico
534 855 690 896 predicto
714 865 776 896 pro
800 854 1024 886 retributione
1049 856 1125 886 talis
1141 855 1269 898 negotii
1286 855 1466 897 quamdam
1483 855 1588 896 ipsius
1604 856 1776 887 civitatem
1794 856 1929 887 nomine
1947 855 2161 888 Ventimillia
2174 855 2199 894 ¹3

390 909 448 950 qui
471 909 634 949 princeps
657 907 835 949 respondit
859 908 908 939 eis
931 906 1163 949 complacere'
1187 919 1294 950 usque
1319 908 1363 939 ad
1386 913 1516 939 certum
1548 914 1690 949 tempus,
1721 909 1779 950 qui
1810 914 1943 949 tempus
1973 909 2201 949 aproximans,

386 962 494 993 noluit
517 961 760 1002 promissiones
784 961 951 992 obtinere.
996 960 1137 992 Accidit
1161 967 1253 997 tunc,
1277 961 1368 1003 quod
1392 963 1459 992 due
1475 961 1564 1004 galie
1588 960 1631 992 de
1648 961 1801 1002 partibus
1818 961 1998 993 Avinionis
2014 961 2204 993 transibant

386 1026 448 1056 per
472 1014 663 1046 districtum
686 1014 806 1055 Janue,
830 1024 931 1055 super
954 1014 1077 1056 quibus
1101 1020 1197 1045 erant
1219 1015 1370 1045 factores
1394 1014 1481 1045 dicti
1504 1014 1630 1045 domini
1661 1014 1819 1056 Ludoyci
1851 1024 1928 1045 curn
1959 1014 2106 1045 maximo
2128 1015 2201 1046 the-

386 1077 501 1103 xauro,
526 1067 567 1098 de
591 1077 732 1108 quorum
755 1066 897 1097 transitu
921 1067 1066 1098 audiens
1089 1066 1158 1098 dux
1173 1066 1293 1108 Janue‚
1317 1067 1474 1108 precepit
1489 1067 1601 1098 subito
1617 1066 1764 1098 detineri
1782 1066 1891 1098 dictas
1908 1067 2027 1108 galias,
2042 1077 2108 1108 que
2125 1077 2202 1108 por-

388 1127 456 1151 tum
479 1121 587 1162 Janue
612 1119 823 1150 intraverant
845 1126 986 1160 propter
1016 1126 1194 1151 ventorum
1222 1119 1351 1151 rabiem
1385 1119 1548 1151 honerate
1579 1120 1745 1151 thexauro
1771 1120 1889 1156 multo,
1919 1119 2013 1161 quod
2044 1120 2202 1151 dominus

389 1174 483 1214 Papa
506 1172 699 1204 destinabat
723 1172 841 1214 regine
860 1172 1018 1214 Johanne
1043 1171 1171 1204 dilecte
1195 1183 1273 1208 sue3
1297 1178 1331 1203 et
1353 1172 1402 1204 sic
1420 1172 1512 1213 capti
1528 1179 1604 1204 sunt
1621 1172 1775 1204 homines
1791 1182 1918 1209 omnes,
1943 1178 1975 1204 et
1999 1172 2204 1204 thexaurum

385 1226 446 1257 sub
470 1226 565 1257 firma
589 1225 744 1257 custodia
775 1231 1023 1257 conservatum.
1069 1225 1169 1256 Tunc
1201 1226 1430 1257 conductores
1461 1226 1629 1257 dictarum
1660 1225 1795 1256 navium
1827 1225 2030 1267 quesierunt
2067 1235 2204 1257 causam

387 1280 480 1311 dicte
504 1279 682 1320 captionis,
706 1278 761 1309 cui
785 1279 1046 1319 responderunt,
1069 1279 1163 1320 quod
1186 1278 1235 1310 sic
1259 1279 1415 1310 fecerant
1439 1285 1579 1320 propter
1602 1285 1702 1320 pacta
1725 1289 1793 1309 non
1811 1278 1992 1310 observata
2017 1278 2202 1310 antedicta.

386 1332 486 1363 Tunc
511 1331 679 1363 carcerati
704 1331 901 1362 direxerunt
924 1331 1086 1362 nuncium
1106 1331 1300 1371 Neapolim,
1317 1331 1532 1362 notificantes
1548 1332 1686 1362 domino
1703 1331 1857 1372 Principi
1876 1331 1957 1367 hec;
1975 1341 2040 1372 que
2056 1331 2199 1362 audiens

2229 857 2267 888 10

2229 1120 2265 1152 15

385 1385 560 1426 predictus
582 1384 754 1425 princepS‚
779 1384 890 1415 statim
914 1384 1100 1415 destinavit
1123 1383 1318 1415 offitialibus
1341 1385 1408 1415 suis
1430 1390 1522 1415 terre
1546 1384 1757 1416 Ventimillia
1787 1383 1932 1420 licteras,
1957 1382 2050 1425 quod
2080 1383 2198 1414 imme-
2222 1386 2265 1416 20

386 1438 480 1469 diate
505 1437 586 1468 visis
609 1437 740 1468 licteris
761 1437 830 1467 suis
853 1437 1029 1468 traderent
1053 1437 1190 1468 comuni
1206 1437 1317 1479 Janue
1342 1437 1469 1468 dictam
1495 1437 1676 1477 civitatem,
1701 1443 1736 1468 et
1758 1437 1808 1468 sic
1832 1437 1938 1475 facto,
1962 1436 2104 1468 relaxati
2127 1442 2204 1468 sunt

386 1490 541 1522 homines
565 1490 666 1531 capti,
691 1496 724 1521 et
748 1489 1015 1521 licentiaverunt
1038 1490 1250 1526 thexaurum,
1274 1495 1308 1521 et
1331 1500 1408 1521 cum
1431 1490 1501 1521 suis
1524 1489 1630 1532 galeis
1653 1490 1781 1521 reversi
1812 1495 1889 1521 sunt
1921 1489 2103 1530 Neapolim
2135 1495 2202 1521 etc.

474 1543 606 1574 Eodem
629 1542 807 1573 millesimo
831 1548 864 1573 et
887 1552 1002 1573 mense
1023 1542 1231 1584 supradicto.
1270 1542 1447 1584 Expiravit
1471 1542 1673 1586 Phylyppus
1703 1554 1764 1574 rex
1796 1543 2017 1581 Francorum,
2047 1543 2103 1574 cui
2126 1553 2202 1575 suc-

387 1597 488 1628 cessit
513 1596 682 1627 Iohannes
706 1595 778 1626 eius
801 1595 899 1626 filius.

473 1649 603 1681 Eodem
627 1648 805 1679 millesimo
830 1655 864 1680 et
886 1659 1011 1679 mense.
1058 1649 1146 1680 Tres
1168 1659 1272 1680 naves
1294 1659 1415 1691 magne
1439 1648 1649 1680 Venetorum
1675 1648 1885 1691 navigabant
1902 1659 1992 1680 mare
2015 1659 2175 1691 magnum
2189 1647 2201 1665 ²

385 1708 569 1744 pergentes
592 1702 735 1738 Tanam,
760 1707 796 1732 ut
819 1702 861 1732 de
885 1711 978 1732 more
1003 1708 1053 1733 est
1076 1702 1238 1742 ipsorum,
1262 1702 1387 1743 quibus
1410 1702 1635 1733 obviaverunt
1659 1701 1841 1733 duodecim
1858 1701 1947 1744 galie
1964 1702 2200 1743 Januensium,

385 1762 417 1787 et
442 1755 569 1786 bellum
594 1755 775 1785 maximum
800 1754 1042 1785 commiserunt
1057 1754 1102 1785 ad
1118 1754 1282 1790 invicem;
1299 1760 1414 1785 tamen
1431 1754 1618 1796 januenses
1635 1759 1885 1795 superaverunt
1903 1753 2000 1791 alios,
2024 1760 2058 1785 et
2073 1754 2197 1786 multos

385 1819 426 1840 ex
450 1808 497 1840 eis
521 1807 737 1843 occiderunt,
761 1807 845 1838 alios
873 1812 1050 1847 ceperunt,
1075 1806 1391 1848 conduxerunt'que
1416 1807 1529 1838 omnia
1552 1806 1701 1848 ipsorum
1718 1806 1807 1838 bona
1824 1807 1999 1838 civitatem
2014 1807 2118 1838 Ianue
2135 1813 2201 1839 etc.

472 1861 602 1892 Eodem
626 1859 817 1896 millesimo,
843 1860 897 1891 die
923 1858 1023 1892 XXV1⁰
1047 1860 1173 1891 mensis
1193 1859 1277 1902 julii.
1300 1860 1465 1891 Dominus
1489 1860 1643 1892 marchio
1668 1859 1779 1901 Obico
1796 1865 1860 1891 etc.
1879 1859 2052 1900 ingressus
2066 1866 2116 1891 est
2132 1859 2202 1891 Ve-

385 1925 503 1946 ronam
528 1914 570 1945 ad
594 1913 842 1954 parlamentum
867 1923 942 1944 cum
966 1913 1105 1944 domino
1129 1913 1279 1944 Mastino
1308 1912 1351 1943 de
1374 1913 1408 1944 la
1432 1912 1544 1950 Scala,
1567 1919 1601 1944 et
1616 1912 1745 1944 ibidem
1768 1912 1918 1944 adcessit
1935 1912 2091 1943 dominus
2106 1913 2202 1944 Iaco-

384 1969 445 2000 bus
469 1968 510 1997 de
535 1966 684 2003 Cararia‚
711 1972 744 1997 et
768 1965 967 1997 commorati
990 1972 1068 1997 sunt
1090 1966 1138 1997 ibi
1161 1976 1267 2007 usque
1285 1967 1329 1997 ad
1345 1965 1534 1997 secundum
1551 1966 1641 1997 diem
1659 1965 1802 2008 augusti.
1850 1965 1979 1996 Eodem
1996 1965 2052 1996 die
2067 1971 2202 2006 sumpto

384 2020 529 2062 prandio
549 2025 773 2051 recesserunt.

470 2074 601 2104 Eodem
625 2072 814 2108 millesimo,
837 2072 880 2103 de
897 2082 1010 2103 mense
1028 2072 1171 2114 augusti.
1218 2072 1303 2103 Cum
1322 2082 1437 2103 comes
1454 2070 1664 2103 Gualfredus
1680 2071 1723 2102 ad
1741 2071 1931 2102 instantiam
1950 2071 2050 2102 ducis
2064 2070 2203 2102 Austrie

383 2127 531 2158 venisset
554 2126 589 2156 in
614 2125 859 2166 patriarcatum
883 2124 1152 2166 Aquileiensem,
1175 2134 1318 2166 sperans
1340 2125 1457 2156 venire
1486 2124 1690 2162 Trivixium,
1721 2124 1812 2165 quod
1844 2123 2043 2155 obtinebant
2067 2123 2202 2161 Veneti,

385 2180 428 2211 de
453 2190 520 2221 quo
547 2179 705 2210 timentes
722 2177 846 2209 Veneti
870 2184 1080 2209 conaverunt
1102 2178 1312 2219 prexentari,
1336 2184 1370 2210 et
1394 2177 1467 2209 aliis
1488 2177 1601 2209 modis
1624 2176 1752 2208 dictum
1776 2176 1955 2214 Comitem,
1978 2182 2028 2208 tot
2059 2181 2094 2207 et
2124 2176 2200 2208 tali-

385 2239 435 2264 ter
459 2232 551 2274 quod
575 2231 718 2263 recessit
741 2231 833 2268 inde,
858 2237 891 2262 et
914 2241 1072 2262 reversus
1094 2237 1145 2262 est
1169 2231 1304 2262 domum
1329 2241 1433 2262 suam.

471 2286 603 2316 Eodem
627 2284 806 2315 millesimo
830 2290 864 2315 et
879 2295 995 2315 mense
1011 2284 1156 2327 augusti.
1202 2284 1354 2322 Quidam
1370 2285 1470 2315 homo
1486 2290 1666 2315 extraneus
1681 2283 1853 2325 ingressus
1869 2288 1921 2314 est
1937 2283 1970 2313 in
1987 2282 2201 2314 AlemanIam

384 2339 416 2369 in
439 2338 578 2369 civitate
603 2337 715 2379 Prage
740 2337 783 2368 ad
808 2337 943 2368 domum
968 2337 1142 2368 cuiusdam
1159 2337 1311 2377 spicialis
1328 2337 1509 2374 florentini,
1527 2343 1560 2368 et
1576 2336 1661 2368 dixit
1677 2336 1721 2373 ei,
1737 2342 1773 2366 ut
1790 2336 1928 2368 domino
1943 2334 2074 2366 Karolo
2090 2335 2202 2366 electo

384 2392 418 2422 in
434 2392 676 2432 imperatorem
700 2400 762 2431 pro
785 2390 943 2422 Ecclesia
967 2400 1106 2421 romana
1130 2391 1321 2427 nunciaret,
1339 2391 1433 2431 quod
1450 2390 1512 2421 iste
1527 2389 1604 2421 talis
1620 2390 1723 2421 homo
1739 2389 1876 2420 volebat
1891 2388 2094 2429 Imperatori
2109 2388 2204 2429 loqui

384 2450 515 2475 secrete
540 2443 574 2474 in
599 2452 736 2474 camera
759 2443 843 2481 eius,
866 2443 984 2474 volens
1008 2443 1040 2473 ei
1062 2442 1243 2483 predicere
1266 2453 1355 2474 nova
1379 2443 1509 2474 hutilia.
1556 2442 1626 2480 Qui
1651 2442 1841 2483 Imperator
1864 2441 1953 2472 misit
1976 2439 2020 2471 ad
2044 2451 2133 2477 eum,
2163 2446 2200 2472 ut

383 2498 565 2528 accederet
588 2506 704 2527 coram
728 2496 817 2537 ipso,
842 2502 875 2527 et
907 2496 1082 2538 ingressus
1105 2501 1155 2526 est
1180 2505 1351 2527 cameram
1375 2495 1606 2537 Imperatoris,
1631 2501 1664 2527 et
1688 2494 1821 2536 incepit
1845 2494 1875 2525 ei
1907 2503 2039 2534 narare,
2073 2493 2202 2532 dicens,

473 2637 496 2654 2.
515 2630 712 2662 admicterent]
732 2631 876 2655 mitterent
896 2631 972 2654 Mun.
993 2644 1024 2648 --
1043 2636 1067 2660 3.
1088 2630 1263 2654 Eodem....
1284 2636 1376 2653 mense
1394 2638 1442 2653 om.
1462 2630 1538 2653 Mun.
1560 2642 1590 2645 —
1611 2637 1634 2660 4.
1655 2636 1715 2652 cum
1735 2629 1858 2652 exercitu
1873 2636 1920 2652 om.
1934 2627 2010 2651 MUR.
2025 2640 2033 2644 -
2049 2626 2200 2659 ingressus]

384 2679 529 2704 aggressus
548 2673 626 2697 MUR.
645 2686 655 2690 -
675 2674 834 2697 Bononiam
855 2673 933 2696 MUR.
954 2686 961 2689 -
982 2672 1116 2696 dominus
1136 2680 1183 2696 om.
1204 2672 1317 2696 BMUR.
1338 2685 1370 2689 -·—
1392 2678 1415 2702 7.
1435 2672 1538 2695 Eodem
1551 2688 1608 2697 ....
1628 2671 1667 2702 et]
1688 2671 1728 2694 De
1748 2670 1824 2695 MUR.
1846 2684 1853 2687 -
1873 2670 2009 2701 Neapolis
2034 2677 2102 2693 corr.
2124 2669 2201 2694 Μυκ.

385 2730 416 2732 ἡ
437 2715 460 2738 8.
477 2713 670 2747 Januensium]
689 2723 703 2738 a
719 2715 906 2746 Januensibus
925 2715 1002 2738 Mun.
1023 2726 1031 2731 —
1047 2713 1146 2745 Janue]
1162 2714 1223 2745 Jan.
1243 2715 1284 2743 A;
1299 2714 1416 2744 Januen.
1437 2715 1476 2743 B3
1492 2714 1674 2745 Januensium
1694 2712 1772 2737 Mun.
1793 2725 1823 2729 —·—
1847 2719 1886 2743 13.
1901 2711 2002 2743 Janue]
2017 2712 2200 2743 januensium

384 2757 461 2781 Mun.
487 2770 518 2773 —
548 2763 587 2787 14.
608 2755 707 2789 Janue]
727 2757 910 2788 januensium
937 2757 1012 2780 Mm.
1040 2770 1071 2773 —
1101 2763 1138 2788 15-
1165 2756 1322 2780 honeratat.
1350 2756 1388 2785 Ας
1409 2757 1523 2780 onerate
1545 2757 1620 2780 Mun.
1640 2769 1672 2772 —
1693 2761 1734 2778 2¹.
1749 2754 1850 2786 Janue]
1867 2755 2050 2786 Januensium
2070 2754 2147 2777 MUR.
2168 2767 2200 2770 —

385 2806 425 2830 23Α
446 2799 566 2822 Eodem.
579 2817 583 2822 .
596 2815 619 2822 ..
640 2799 805 2830 supradicto
824 2807 870 2823 om.
892 2799 969 2822 Mun.
991 2812 1020 2815 —-
1044 2803 1082 2828 25.
1103 2798 1206 2822 Eodem
1220 2817 1224 2821 .
1238 2814 1278 2822 ...
1297 2805 1390 2822 mense
1410 2807 1456 2821 om.
1477 2798 1555 2822 Mun.
1574 2811 1606 2814 -ῌ
1627 2796 1667 2820 28.
1688 2797 1783 2820 omnia
1804 2804 1851 2820 sua
1873 2796 1985 2820 BMun.
2006 2810 2037 2813 —
2062 2802 2103 2827 33.
2130 2795 2199 2819 Cum

383 2850 473 2864 matum
492 2842 518 2864 in
537 2841 560 2863 Α
574 2842 599 2864 Β
619 2854 649 2857 -
671 2848 712 2872 34.
733 2841 898 2872 Aquilensis
918 2841 941 2864 A
956 2842 979 2863 Β
999 2854 1028 2857 -
1049 2847 1090 2872 37.
1111 2841 1263 2864 millesimo
1284 2842 1310 2864 et
1329 2849 1377 2864 om.
1397 2840 1473 2864 MUR.
1493 2853 1502 2857 -
1522 2839 1634 2870 quidem
1661 2840 1721 2862 ΑΒ
1747 2851 1777 2855 -
1803 2838 1845 2869 38.
1871 2839 1897 2861 in
1923 2838 2045 2870 margine
2070 2837 2100 2861 di
2123 2837 2147 2861 A
2173 2837 2203 2860 a'x·

383 2892 457 2907 mano
476 2884 581 2907 antica:
601 2883 675 2906 Nota
697 2897 726 2899 —
747 2890 789 2914 39.
811 2885 838 2906 in
861 2882 1070 2914 imperatorem]
1091 2884 1220 2913 imperat.
1241 2883 1279 2912 B3
1300 2882 1466 2914 imperatori
1485 2882 1562 2906 Mun.
1582 2894 1613 2899 —
1634 2888 1675 2912 41.
1694 2883 1735 2904 est
1755 2889 1822 2912 agg.
1843 2880 2048 2904 nell'interlineo
2068 2879 2093 2902 in
2115 2880 2148 2907 A,
2174 2879 2200 2902 in

384 2927 463 2956 lunga»
483 2926 512 2948 di
530 2927 594 2948 sunt
613 2926 722 2948 cancell.
743 2933 787 2949 con
808 2933 839 2948 un
860 2926 921 2956 rigo

473 3020 479 3035 ¹
500 3021 688 3053 Ventimiglia
708 3029 723 3045 a
747 3021 794 3045 160
813 3021 862 3045 kil.
883 3021 917 3045 da
937 3021 1063 3045 Genova.
1408 3019 1418 3035 ²
1438 3021 1499 3044 Mar
1518 3020 1593 3044 Nero
1613 3027 1630 3044 o
1653 3020 1804 3051 maggiore.

2225 1648 2266 1680 25

2225 1913 2266 1944 30

2225 2175 2264 2208 35

2225 2441 2265 2472 40

2249 2801 2262 2826 5

2234 3024 2264 3040 10
