2360 3603
240 602 259 616 c.
275 595 324 615 sur

225 2552 244 2564 ι.
259 2544 313 2564 86⁴⁰

406 248 476 283 102
1036 247 1345 283 CHRONICON
1372 246 1600 282 ESTENSE
2064 253 2115 287 [A.
2136 255 2228 288 1333]

399 377 508 419 dignis
533 376 675 408 dominis
699 375 845 407 dominis
869 373 1126 406 Marchionibus
1150 374 1338 406 estensibus
1354 374 1490 415 suisque
1507 374 1671 412 omnibus,
1696 384 1736 406 ac
1759 375 1977 417 sequentibus
1993 385 2060 415 eos,
2084 377 2227 419 gratiam

397 434 431 460 et
453 428 699 469 perfectionem
723 427 835 459 taliter
857 427 998 468 largitus
1022 432 1071 457 est
1094 426 1197 458 rectis
1221 426 1336 463 corde,
1361 426 1452 467 quod
1476 437 1601 464 omnes,
1620 426 1727 468 quiin
1744 427 1905 458 auxilium
1921 435 2086 461 venerant
2108 440 2128 460 a
2151 440 2227 471 par-

397 481 484 513 tibus
507 481 693 512 amicorum
717 480 929 512 dominorum
952 479 1203 515 Marchionum‚
1228 479 1432 510 unanimiter
1456 489 1532 510 cum
1557 479 1632 511 aliis
1664 480 1877 512 dominorum
1909 480 2148 514 Marchionum
2176 483 2228 514 di-

398 539 599 575 sposuerunt
621 534 655 564 in
678 533 746 564 vita
771 538 804 563 et
827 538 935 563 morte
961 531 1123 573 consequi
1146 532 1309 563 honorem
1334 538 1367 563 et
1389 532 1647 573 prosperitatem
1672 532 1885 564 dominorum
1909 532 2165 572 Marchionum;
2195 541 2227 567 et

400 597 475 618 cum
500 585 672 617 civitatem
695 585 917 622 intraverunt,
934 584 1130 615 immediate
1147 584 1337 615 ordinatum
1355 584 1419 615 fuit
1434 584 1526 616 exire
1543 591 1637 616 extra
1655 585 1838 617 civitatem'
1858 586 1950 618 circa
1965 597 2135 628 vesperas.
2160 587 2225 619 Po-
2273 587 2290 618 5

395 638 598 670 tentissimus
622 644 655 669 et
678 637 783 669 virilis
807 637 964 668 dominus
988 636 1145 668 dominus
1168 636 1319 668 marchio
1343 636 1545 679 Raynaldus
1569 648 1646 669 cum
1670 637 1826 670 omnibus
1850 638 1917 669 suis
1945 646 2107 672 exeuntes
2132 645 2227 671 extra

395 691 565 723 civitatem
589 690 755 727 Ferrarie,
774 690 867 721 etad
884 689 1075 722 custodiam
1100 689 1244 721 civitatis
1267 699 1446 721 remanens
1469 690 1624 722 dominus
1648 690 1757 733 Obico
1773 691 1927 722 marchio
1944 691 2095 730 estensis,
2120 691 2227 724 domi-

395 754 457 775 nus
480 742 682 786 Raynaldus
706 742 858 774 transivit
881 742 1018 774 foveam
1042 752 1135 773 suam
1159 748 1192 773 et
1215 742 1299 773 fecit
1322 742 1436 784 frangi
1453 742 1670 783 palancatum
1693 753 1799 780 suum,
1824 743 1967 775 viriliter
1982 744 2148 785 percussit
2164 745 2226 776 ini-

393 796 497 827 micos
521 805 597 826 cum
619 794 777 837 gentibus
801 794 878 825 suis.
925 794 1025 826 Tunc
1049 794 1231 825 maximum
1248 794 1393 835 prelium
1411 795 1622 826 commissum
1641 801 1691 826 est
1706 795 1794 826 inter
1810 802 1970 837 utrasque
1986 802 2109 837 partes.
2156 797 2225 829 Do-

394 848 502 879 minus
525 848 603 878 Dux
626 847 669 879 de
694 846 959 878 Guramontibus
984 847 1087 878 exivit
1102 852 1201 888 porta
1224 846 1333 878 sancti
1353 846 1456 885 Petri,
1482 853 1515 879 et
1540 848 1629 889 cepit
1654 847 1812 879 comitem
1830 848 1873 880 de
1898 847 2094 891 Ermignac.
2140 849 2226 880 Dra·
2254 850 2292 880 10

394 909 454 932 cus
478 900 520 931 de
536 899 753 940 Costabi[li]s,
777 900 974 941 capitaneus
999 899 1100 930 totius
1116 899 1231 930 navilii
1249 899 1379 930 domini
1403 899 1624 937 Marchionis,
1641 899 1783 931 viriliter
1799 910 1955 942 agressus
1971 901 2037 932 fuit
2053 901 2148 938 alios,
2169 901 2228 943 qui

394 963 494 994 super
517 953 644 985 navilio
667 952 880 984 inimicorum
905 957 1010 989 erant,
1034 952 1157 989 taliter,
1183 953 1275 994 quod
1298 952 1334 983 in
1358 952 1474 994 fugam
1498 953 1661 984 miserunt
1685 963 1801 984 omnes
1832 953 1989 984 inimicos
2013 954 2227 985 dominorum

393 1005 633 1037 Marchionum
657 1005 840 1036 existentes
863 1003 911 1035 ibi
935 1004 969 1035 in
995 1005 1150 1036 exercitu
1175 1010 1208 1036 et
1231 1004 1374 1041 navilio;
1404 1010 1437 1036 et
1467 1004 1516 1036 sic
1547 1015 1712 1036 summum
1744 1005 1867 1037 bonum
1899 1011 1932 1037 et
1962 1005 2136 1037 beatitudo
2169 1007 2227 1038 de-

393 1058 567 1089 mostravit
590 1057 749 1089 iustitiam
773 1062 923 1088 sanctam
947 1062 981 1088 et
1003 1056 1217 1088 infallibilem
1242 1063 1362 1089 contra
1385 1057 1528 1089 iniustos
1550 1057 1700 1099 perfidos
1723 1058 1878 1089 homines
1901 1064 2076 1090 moventes
2108 1065 2227 1091 contra

390 1110 499 1142 Deum
522 1116 556 1142 et
580 1110 746 1142 iustitiam.
793 1110 838 1141 Et
861 1109 909 1141 sic
934 1109 1084 1141 conflicti
1108 1116 1185 1141 sunt
1210 1120 1328 1143 omnes
1352 1110 1482 1142 inimici
1507 1111 1723 1143 dominorum
1739 1109 1991 1149 Marchionum,
2015 1112 2114 1154 capti,
2138 1122 2226 1144 mor·
2255 1112 2290 1144 15

393 1164 440 1194 tui
465 1169 499 1195 et
522 1163 676 1205 dispersi,
708 1163 767 1205 qui
798 1168 895 1195 erant
919 1163 953 1194 in
977 1163 1092 1206 Burgo
1116 1163 1282 1201 inferiori,
1308 1169 1341 1195 et
1365 1163 1408 1195 ad
1430 1163 1637 1195 Pollicinum
1661 1163 1769 1195 sancti
1801 1163 1976 1202 Anthonii‚
2009 1171 2042 1196 et
2072 1165 2107 1196 in
2129 1164 2226 1197 Pado

393 1227 470 1247 cum
494 1216 632 1248 navilio.
679 1215 803 1248 Omnia
826 1226 918 1254 vero,
943 1226 1009 1258 que
1034 1216 1078 1248 de
1102 1216 1248 1248 inimicis
1270 1216 1486 1255 invenerunt,
1511 1216 1704 1249 diviserunt
1725 1217 1813 1248 inter
1838 1227 1906 1255 eos,
1931 1227 1998 1260 que
2020 1218 2157 1250 fuerunt
2178 1218 2228 1249 in-

392 1268 565 1301 credibilis
587 1268 721 1300 valoris.
768 1267 850 1300 Post
873 1268 939 1299 hec
956 1268 1112 1300 dominus
1128 1268 1333 1312 Advogarus
1351 1269 1392 1300 de
1410 1269 1564 1301 Trivixio
1583 1269 1761 1301 decoravit
1777 1269 1917 1301 militem
1934 1269 2108 1302 dominum
2129 1270 2225 1314 Ray-

391 1322 528 1353 naldum
551 1321 783 1353 marchionem
807 1327 985 1353 estensem.
1031 1321 1063 1353 T
1065 1332 1133 1353 unc
1158 1322 1314 1354 dominus
1337 1322 1540 1365 Raynaldus
1565 1322 1742 1355 decoravit
1766 1322 1905 1354 militem
1937 1323 2111 1355 dominum
2143 1323 2227 1356 Obi-

391 1385 508 1416 conem
533 1375 603 1407 eius
627 1375 766 1407 fratrem
789 1374 1036 1414 marchionem,
1062 1375 1186 1407 deinde
1211 1375 1386 1407 dominum
1410 1374 1619 1414 Bertoldum,
1646 1381 1679 1407 et
1703 1374 1879 1407 dominum
1907 1376 2130 1409 Franciscum
2154 1377 2228 1409 eius
2251 1378 2292 1408 20

390 1427 492 1459 filium
516 1427 732 1459 marchiones
754 1433 914 1466 estenses,
939 1427 1113 1459 dominum
1129 1427 1263 1460 Ducem
1281 1428 1324 1460 de
1342 1427 1615 1465 Guramonfibus,
1633 1428 1808 1460 dominum
1824 1429 2030 1461 Niccolaum
2046 1439 2065 1460 a
2080 1429 2224 1462 Tabula.

393 1480 515 1512 Postea
540 1490 616 1512 cum
640 1480 784 1512 maxima
807 1480 913 1512 letitia
936 1481 1113 1513 redierunt
1136 1481 1170 1512 in
1195 1481 1329 1513 civitate
1337 1493 1345 1519 ;
1371 1487 1404 1514 et
1428 1492 1545 1513 omnes
1561 1482 1655 1523 capti
1679 1481 1847 1525 designati
1863 1483 2002 1514 fuerunt
2019 1482 2076 1521 eis,
2094 1482 2225 1514 scilicet

393 1533 550 1565 dominus
575 1543 688 1565 comes
711 1533 755 1565 de
778 1532 988 1576 Armignaco
1007 1543 1084 1565 cum
1100 1534 1212 1565 multis
1236 1534 1430 1572 baronibus,
1455 1534 1512 1577 qui
1535 1534 1710 1566 solverunt
1733 1534 1912 1566 maximam
1930 1536 2149 1577 quantitatem
2165 1535 2227 1567 flo-

388 1596 555 1620 renorum.
587 1585 831 1629 Kamarlingus
853 1585 988 1629 Legati,
1012 1592 1152 1628 propter
1184 1587 1278 1619 cuius
1308 1587 1502 1629 captionem
1526 1587 1669 1619 relaxati
1692 1587 1830 1619 fuerunt
1855 1587 2011 1619 dominus
2042 1587 2227 1620 Niccolaus

390 1639 542 1671 marchio
567 1639 719 1678 estensis,
742 1639 918 1671 Tebaldus
935 1639 977 1671 de
994 1639 1211 1681 Costabi[li]s‚
1237 1640 1393 1673 dominus
1415 1640 1566 1684 Jacobus
1590 1641 1633 1673 de
1656 1639 1855 1683 Adigheriis
1879 1647 1912 1672 et
1936 1641 2002 1678 alii,
2026 1641 2084 1684 qui
2109 1651 2226 1673 carce·
2249 1641 2289 1673 25

388 1692 451 1723 rati
473 1697 569 1723 erant
591 1691 627 1723 in
650 1692 846 1724 carceribus
871 1692 1000 1725 domini
1022 1693 1147 1736 Legati
1170 1692 1213 1726 de
1229 1693 1383 1726 Bononia
1391 1706 1399 1731 ;
1425 1694 1527 1726 etiam
1543 1694 1700 1726 dominus
1715 1693 1908 1731 Malatesta‚
1930 1700 1963 1725 et
1986 1694 2141 1726 dominus
2158 1694 2226 1726 Ga-

387 1744 516 1776 leoctus
540 1745 663 1777 fratres
687 1745 730 1777 de
747 1745 916 1784 Arimino,
933 1745 1088 1778 dominus
1111 1746 1283 1779 Ricardus
1300 1747 1343 1778 de
1367 1747 1559 1778 Manfredis
1585 1747 1628 1779 de
1645 1747 1819 1784 Faventia,
1838 1746 1993 1779 dominus
2009 1747 2168 1779 Ostaxius
2183 1745 2226 1779 de

389 1796 532 1829 Polenta
555 1798 599 1830 de
623 1798 801 1836 Ravenna,
825 1799 1028 1831 Franciscus
1060 1800 1103 1832 de
1135 1799 1326 1839 Ordelaffis,
1349 1799 1471 1843 quibus
1495 1799 1652 1832 omnibus
1675 1800 1834 1832 fecerunt
1856 1800 2039 1831 maximum
2061 1800 2226 1832 honorem

389 1850 473 1882 dicti
496 1849 714 1883 Marchiones
738 1858 896 1884 estenses.
928 1853 1153 1885 Theotonicis
1169 1853 1325 1885 satisfieri
1348 1854 1506 1886 fecerunt
1529 1864 1634 1896 pagas
1652 1853 1782 1895 duplas,
1801 1859 1834 1885 et
1849 1853 1898 1885 sic
1924 1853 2073 1885 contenti
2088 1853 2228 1885 fuerunt

388 1912 514 1941 omnes,
540 1909 573 1935 et
595 1904 723 1936 reversi
745 1911 822 1936 sunt
853 1906 898 1937 ad
929 1905 1056 1947 patrias
1079 1917 1165 1938 suas.
1212 1906 1352 1938 Petrum
1376 1906 1558 1949 Cavacam,
1582 1906 1690 1938 Leum
1719 1905 1789 1937 eius
1820 1906 1973 1943 fratrem,
1996 1904 2159 1937 Iacobum
2182 1905 2225 1937 de
2250 1907 2292 1938 30

388 1955 584 1994 Gontardis‚
609 1957 790 1990 Tromfum
807 1959 851 1990 de
875 1958 1084 2001 Costabifli]s
1107 1960 1266 1991 fecerunt
1290 1959 1511 2003 detrahynari
1534 1970 1596 2001 per
1612 1965 1718 1991 totam
1742 1958 1915 1991 civitatem
1939 1958 2095 1990 Ferrarie
2117 1968 2224 2001 usque

387 2007 537 2051 Burgum
560 2009 755 2042 inferiorem
780 2011 946 2050 Ferrarie,
965 2018 998 2043 et
1014 2012 1061 2044 ibi
1077 2012 1238 2054 suspendi
1261 2012 1306 2044 ad
1330 2012 1445 2044 furcas
1469 2019 1639 2054 tamquam
1656 2012 1881 2054 prodictores.
1927 2011 2039 2043 Etiam
2065 2011 2224 2054 detrahy-

388 2061 459 2092 nari
483 2061 638 2094 fecerunt
661 2074 768 2105 usque
792 2063 920 2095 dictum
945 2064 1057 2096 locum
1082 2063 1349 2108 Maynardinum
1371 2065 1414 2097 de
1433 2065 1618 2102 Galafacis‚
1637 2071 1670 2097 et
1694 2064 1885 2106 decapitari
1901 2070 2073 2106 tamquam
2089 2064 2227 2106 prodic-

387 2119 493 2146 torem
517 2115 546 2147 F
549 2116 780 2148 erariensium.
826 2115 952 2149 Postea
974 2118 1110 2149 iverunt
1134 2118 1226 2160 apud
1250 2118 1403 2161 Argente
1429 2118 1615 2156 civitatem,
1639 2117 1697 2150 ubi
1722 2117 1756 2149 in
1780 2117 1933 2159 pluribus
1957 2117 2041 2149 locis
2064 2117 2223 2149 fecerunt

387 2173 502 2208 ruptas
518 2167 602 2200 Padi
620 2178 722 2200 causa
738 2169 926 2202 inundandi
944 2170 1117 2202 civitatem
1132 2169 1295 2213 Argente,
1314 2182 1414 2213 quam
1430 2170 1626 2212 possidebat
1642 2170 1816 2212 predictus
1832 2170 2058 2212 nequissimus
2074 2169 2224 2212 Ligatus.
2249 2169 2289 2202 35

475 2220 608 2252 Eodem
632 2221 811 2254 millesimo
836 2222 878 2254 de
902 2233 1017 2255 mense
1041 2224 1127 2267 junii
1151 2224 1206 2256 die
1232 2234 1335 2255 xvm.
1383 2224 1511 2256 Gentes
1536 2223 1752 2256 dominorum
1776 2223 2017 2255 Marchionum
2042 2223 2226 2255 estensium

389 2272 613 2305 conflixerunt
628 2279 748 2317 gentes
771 2275 897 2307 domini
921 2276 1120 2318 nequissimi
1143 2277 1265 2319 Legati
1288 2277 1332 2308 de
1355 2276 1518 2319 Argenta,
1535 2277 1569 2308 in
1587 2287 1654 2319 quo
1679 2276 1771 2309 bello
1795 2276 1915 2308 mortui
1932 2281 2008 2307 sunt
2026 2275 2118 2307 circa
2134 2285 2225 2307 CCLx

390 2325 556 2363 homines,
581 2337 665 2368 quos
689 2327 857 2360 mixerunt
880 2328 915 2359 in
940 2330 1088 2371 quadam
1112 2330 1192 2361 navi
1216 2330 1265 2362 sic
1290 2330 1494 2361 interfectos
1517 2331 1563 2362 ad
1587 2329 1709 2368 locum,
1734 2329 1793 2371 qui
1817 2329 1941 2361 dicitur
1966 2328 2098 2360 Grasali
2130 2329 2223 2370 apud

388 2376 585 2419 Argentam‚
611 2386 644 2411 et
667 2390 729 2421 per
753 2380 889 2412 foveam
914 2382 1151 2414 conduxerunt
1175 2393 1249 2414 eam
1274 2383 1309 2413 in
1333 2381 1441 2421 Pado,
1466 2388 1499 2414 et
1522 2383 1557 2414 in
1583 2382 1674 2415 dicta
1697 2382 1775 2413 navi
1798 2381 1962 2413 miserunt
1977 2381 2150 2413 hominem
2173 2380 2223 2413 vi-

389 2441 468 2461 vum
492 2431 563 2462 sine
578 2432 680 2464 remis
704 2433 759 2463 vel
781 2433 1037 2476 gubernatione,
1061 2442 1098 2468 ut
1122 2447 1211 2468 nova
1233 2441 1422 2478 reportaret
1445 2436 1572 2467 civitati
1596 2435 1768 2478 Argente:
1794 2445 1860 2477 qua
1881 2434 1960 2466 navi
1974 2440 2163 2475 pervencta
2180 2434 2224 2466 ad
2248 2435 2289 2466 40

388 2481 586 2525 Argentam,
611 2485 733 2517 stridor
759 2492 792 2517 et
815 2486 961 2519 ululatus
984 2488 1197 2520 incredibilis
1221 2489 1287 2520 fuit
1310 2498 1372 2530 per
1396 2494 1501 2520 totam
1526 2489 1708 2521 civitatem.

475 2536 605 2568 Eodem
629 2537 806 2570 millesimo
831 2538 873 2570 de
897 2550 1013 2572 mense
1036 2541 1247 2583 septembris,
1268 2542 1423 2573 restituta
1447 2548 1497 2573 est
1520 2541 1639 2573 civitas
1661 2542 1689 2573 F
1692 2541 1803 2573 orlivii
1820 2540 1958 2572 domino
1975 2541 2003 2572 F
2005 2539 2162 2572 rancisco
2181 2540 2224 2572 de

390 2588 569 2620 Ordelaffis
594 2600 670 2621 cum
694 2590 822 2622 auxilio
846 2590 1059 2624 dominorum
1084 2593 1326 2626 Marchionum
1352 2594 1542 2627 estensium.

476 2642 605 2674 Eodem
628 2643 806 2676 millesimo
832 2650 865 2676 et
888 2656 1015 2685 mense,
1039 2648 1192 2679 restituta
1215 2648 1280 2679 fuit
1305 2648 1427 2680 civitas
1452 2647 1662 2680 ariminensis
1686 2647 1824 2679 domino
1849 2646 2030 2678 Malateste
2055 2650 2120 2677 etc.

476 2694 606 2727 Eodem
622 2695 803 2728 millesimo
821 2697 864 2729 de
881 2708 995 2730 mense
1013 2698 1174 2737 octubris,
1192 2700 1345 2732 restitute
1362 2701 1501 2732 fuerunt
1518 2700 1673 2732 civitates
1689 2699 1833 2738 scilicet,
1847 2698 1970 2744 Cervie
1995 2703 2028 2730 et
2044 2697 2222 2741 Ravenne,
2247 2696 2286 2728 45

389 2747 526 2779 domino
550 2747 715 2780 Hostaxio
740 2749 783 2780 de
807 2749 952 2782 Polenta
977 2757 1010 2782 et
1033 2758 1178 2784 castrum
1202 2752 1405 2785 Brettenori.

476 2902 529 2928 3-4.
549 2896 736 2927 deposuerunt
755 2897 780 2920 B
799 2897 876 2922 Mun.
897 2911 927 2915 —
948 2905 971 2928 4.
992 2899 1018 2922 et
1038 2899 1066 2921 in
1087 2900 1176 2922 morte
1195 2899 1220 2921 B
1239 2900 1316 2924 MUR.
1338 2913 1369 2917 —
1390 2905 1413 2930 5.
1436 2899 1624 2931 intraverunt]
1641 2901 1792 2925 intrassent
1811 2900 1888 2926 Mun.
1908 2914 1939 2919 —
1959 2901 1984 2926 6.
2003 2901 2143 2934 exeuntes]
2163 2903 2219 2925 exi·

388 2937 429 2960 vit
447 2937 525 2962 Mun.
538 2951 570 2955 ——
585 2943 609 2968 7.
628 2938 783 2970 remanens]
803 2939 937 2963 remansit
956 2939 1035 2964 Mun.
1055 2953 1086 2957 -—
1116 2946 1155 2963 10.
1176 2940 1338 2973 Ermignac]
1359 2942 1510 2973 Armignac
1530 2942 1608 2967 Mun.
1630 2955 1661 2959 —
1681 2949 1723 2973 30.
1744 2941 1887 2972 Cavazam,
1907 2944 1991 2967 Leum
2010 2945 2068 2968 eius
2093 2942 2219 2974 fratrem]

389 2978 584 3003 Cavazarxeum
605 2981 633 3003 et
653 2981 711 3005 eius
730 2980 846 3004 fratrem
867 2981 944 3006 Mun.
965 2995 994 2998 —
1016 2981 1057 3013 36.
1077 2982 1269 3007 Marchionum
1290 2991 1337 3006 om.
1357 2983 1468 3008 BMUR.
