2360 3603
82 844 119 875 10

83 1109 118 1140 15

79 1375 121 1405 20

82 1639 122 1670 25

84 1903 125 1934 30

84 2168 124 2200 35

87 2433 128 2463 40

145 240 195 277 [A.
217 241 309 277 1351]
776 235 1081 272 CHRONICON
1111 235 1340 272 ESTENSE
1898 233 1966 271 177

145 367 411 399 dominabantur
434 367 598 400 Bononie.
645 368 746 399 Tunc
770 368 960 400 Florentini
984 369 1156 410 petierunt
1178 367 1414 403 Pistorienses‚
1438 374 1475 399 ut
1499 366 1546 398 eis
1571 367 1747 399 traderent
1779 365 1967 398 custodiam

144 421 243 452 unius
266 427 364 462 porte
388 420 543 459 Pistorii3
568 422 626 464 qui
647 421 743 453 'cives
767 421 958 459 noluerunt,
982 427 1095 452 tamen
1119 426 1324 462 receperunt
1349 420 1479 462 aliquas
1494 426 1615 463 gentes
1628 420 1814 461 armigeras
1832 419 1972 450 Floren-

144 474 293 505 tinorum
316 475 361 505 ad
385 474 574 506 custodiam
598 474 691 505 dicte
716 473 882 505 Civitatis.
928 474 1054 505 Adhuc
1078 474 1262 505 timuerunt
1285 473 1485 510 Florentini,
1502 478 1538 504 ut
1555 472 1647 504 dicta
1664 473 1793 504 Civitas
1809 483 1877 503 non
1893 481 1971 512 per-

145 526 276 557 veniret
300 526 344 558 ad
368 537 487 558 manus
510 527 662 564 alicuius,
687 533 721 558 et
745 537 821 558 cum
845 527 990 558 maxima
1015 527 1206 568 quantitate
1237 526 1389 568 gentium
1422 526 1658 568 equitaverunt
1688 526 1834 567 quadarn
1867 529 1969 556 nocte

145 589 253 620 usque
277 580 473 618 pistorium,
498 586 532 612 et
556 579 813 611 adscenderunt
835 591 967 611 murum
993 579 1150 611 civitatis.
1196 580 1300 611 Cives
1324 579 1390 610 hoc
1413 579 1611 615 sentientes,
1642 584 1771 609 armata
1800 587 1903 608 manu
1935 586 1970 607 se

146 633 388 670 defenderunt,
408 633 521 664 taliter
537 633 628 674 quod
645 633 867 674 expulserunt
883 632 1112 664 Florentinos.
1136 632 1237 664 Tunc
1254 631 1474 673 stipendiarii
1489 631 1763 663 Florentinorum
1787 631 1971 662 existentes

144 685 177 716 in
202 686 295 717 dicta
319 685 470 723 civitate,
494 691 530 717 ut
554 696 667 726 supra,
692 691 900 717 cucurerunt
923 687 1073 727 plateam
1097 691 1224 716 armata
1248 695 1349 715 manu
1374 685 1576 716 clamantes:
1607 684 1726 716 Vivant
1757 683 1970 719 Florcntz'nz'3

146 745 226 770 tunc
251 739 344 770 cives
366 738 567 770 obsiderunt
591 749 650 770 eos
674 738 716 770 ad
739 740 900 780 plateam,
931 745 981 770 set
1012 738 1120 770 nichil
1152 738 1317 770 habentes
1349 748 1409 779 pro
1434 748 1551 769 eorum
1575 737 1677 775 victu,
1703 747 1769 768 non
1794 736 1971 768 valuerunt

143 791 344 829 substinere,
368 798 402 823 et
425 802 545 832 pacem
570 791 761 823 habuerunt
785 802 860 823 cum
894 791 1034 828 civibus,
1067 797 1101 823 et
1132 797 1349 823 recesserunt
1379 791 1421 822 de
1453 791 1604 822 civitate.
1649 790 1748 821 Tunc
1781 789 1970 821 Florentini

144 845 341 876 direxerunt
364 844 548 876 exercitum
571 845 606 876 in
631 845 809 876 obsidione
834 845 925 876 circa
949 845 1141 876 pistorium.

232 897 364 929 Eodem
387 897 578 937 millesimo,
603 897 660 929 die
682 897 805 929 xxn11⁰
828 898 954 929 mensis
978 898 1111 939 aprelis.
1160 897 1365 930 Florentinis
1382 897 1606 929 existentibus
1623 897 1658 927 in
1682 895 1861 928 obsidione
1879 895 1972 926 circa

143 950 315 982 civitatem
340 950 487 988 pistorii,
512 956 546 981 et
571 960 646 981 cum
670 950 842 982 fortiliciis
864 952 899 981 in
923 951 1035 982 multis
1058 951 1142 982 loeis
1166 951 1262 982 circa
1286 951 1470 987 civitatem,
1493 960 1537 982 ne
1561 949 1684 992 aliquis
1708 959 1824 980 eorum
1849 947 1973 980 civium

143 1009 259 1045 posset
283 1009 381 1035 extra
404 1003 582 1035 civitatem
606 1003 710 1044 exire,
735 1010 768 1035 et
792 1015 809 1035 e
841 1013 1007 1036 converso
1030 1009 1112 1035 tunc
1137 1003 1402 1035 Pistoriensibus
1434 1003 1630 1035 videntibus
1657 1013 1724 1034 non
1756 1011 1855 1043 posse
1887 1000 1972 1032 resi-

142 1062 231 1088 stere
255 1062 374 1088 contra
397 1056 628 1093 Florentinos,
653 1066 730 1088 cum
756 1057 856 1088 certis
880 1057 991 1098 pactis
1015 1062 1249 1088 convenerunt
1273 1066 1308 1087 se
1333 1066 1410 1088 cum
1435 1056 1642 1087 Florentinis
1666 1060 1731 1086 etc.

233 1110 364 1140 Eodem
389 1109 578 1146 millesimo,
602 1108 659 1140 die
684 1120 726 1141 111
750 1110 864 1141 madii.
910 1109 1202 1151 Archiepiscopus
1225 1109 1416 1140 Mediolani
1441 1108 1773 1140 direxitexercitum
1790 1107 1971 1139 maximum

142 1162 177 1193 in
200 1161 382 1195 obsidione
407 1162 556 1194 civitatis
580 1162 706 1194 Ymole
730 1174 832 1205 quam
856 1163 1029 1194 obtinebat
1053 1162 1222 1200 Ecclesia,
1248 1163 1290 1194 de
1315 1172 1382 1204 quo
1407 1162 1563 1194 exercitu
1587 1161 1757 1203 capitanei
1782 1166 1880 1192 erant
1911 1161 1972 1192 do-

143 1216 253 1247 minus
278 1216 481 1248 Franciscus
506 1216 547 1247 de
571 1216 777 1247 Hordelaffis
802 1223 836 1248 et
861 1217 1019 1248 dominus
1042 1216 1216 1258 Johannes
1240 1216 1283 1247 de
1308 1214 1516 1252 Mansredss,
1534 1221 1567 1246 et
1585 1215 1678 1247 circa
1697 1214 1870 1246 civitatem
1888 1214 1973 1256 erigi

144 1270 303 1301 fecerunt
326 1269 442 1310 plures
466 1269 638 1301 fortilitias
662 1275 728 1301 etc.

232 1321 364 1353 Eodem
388 1321 580 1360 millesimo,
605 1322 660 1354 die
685 1332 707 1353 v
738 1323 863 1354 mensis
893 1323 1007 1354 madii.
1054 1322 1336 1353 Aldrovandinus
1368 1322 1456 1353 filius
1487 1321 1661 1363 magnifici
1686 1321 1816 1352 domini
1842 1320 1971 1353 domini

145 1374 310 1417 Obiconis
333 1375 545 1406 marchionis
570 1376 723 1412 estensis,
749 1375 950 1416 capitaneus
973 1375 1274 1417 stipendiariorum
1300 1375 1386 1406 fecit
1410 1375 1480 1406 fieri
1504 1380 1646 1406 mostras
1671 1374 1819 1405 omnium
1844 1374 1973 1415 stipen-

147 1427 333 1459 diariorum
357 1427 441 1459 dicti
466 1428 597 1459 domini
621 1434 688 1460 etc.

232 1480 363 1512 Eodem
387 1481 578 1518 millesimo,
603 1481 658 1512 die
682 1481 733 1513 V1⁰
757 1482 884 1513 mensis
902 1482 1016 1513 madii.
1065 1482 1231 1513 Dominus
1249 1482 1449 1513 Dondacius
1467 1482 1510 1512 de
1527 1480 1717 1518 Placentia,
1734 1480 1892 1512 dominus
1907 1479 1973 1512 Ca-

146 1532 291 1564 briottus
315 1533 358 1565 de
384 1532 535 1564 Canossa
560 1539 592 1565 et
610 1534 667 1565 alii
685 1535 862 1576 caporales
878 1535 1177 1576 stipendiariorum
1195 1534 1323 1566 domini
1340 1534 1549 1565 marchionis
1565 1533 1745 1572 antedicti,
1762 1539 1795 1564 et
1811 1534 1853 1564 de
1870 1533 1976 1574 ipsius

144 1585 317 1623 mandato,
340 1587 539 1618 iuraverunt
561 1587 769 1629 legalitatem
796 1593 830 1619 et
854 1587 1086 1619 obedientiam
1111 1587 1172 1618 sub
1196 1587 1458 1618 Aldrovandino
1492 1587 1561 1618 filio
1589 1587 1714 1628 prefati
1745 1586 1876 1618 domini
1900 1584 1974 1617 etc!

234 1639 367 1671 Eodem
380 1640 560 1672 millesimo
574 1641 717 1677 cccxl'ff',
733 1642 775 1671 de
793 1651 910 1672 mense
927 1640 1040 1672 madii.
1087 1640 1254 1672 Dominus
1270 1641 1381 1682 Obico
1394 1640 1548 1671 marchio
1565 1646 1630 1671 etc.
1648 1640 1771 1671 direxit
1788 1639 1976 1671 exercitum

145 1703 240 1724 suum
264 1699 412 1724 castrum
436 1693 688 1725 Montisfustini
704 1693 712 1709 ¹
737 1693 913 1725 districtus
936 1693 1150 1730 Mutinensis,
1174 1693 1335 1735 quoniam
1361 1693 1553 1724 habitantes
1579 1692 1665 1724 dicti
1690 1692 1792 1723 castri
1810 1691 1976 1724 debentes

146 1745 278 1777 solvere
303 1746 439 1777 comuni
463 1746 596 1777 Mutine
621 1746 736 1788 aliqua
760 1747 890 1778 honera
913 1753 1118 1778 recusantes.
1165 1747 1266 1777 Tunc
1292 1745 1339 1777 illi
1364 1745 1407 1776 de
1439 1744 1650 1788 Savignano,
1681 1745 1803 1787 quibus
1835 1744 1975 1777 obedie-

146 1798 227 1829 bant
249 1805 369 1841 gentes
394 1800 495 1831 castri
518 1800 774 1831 rebellaverunt
798 1806 945 1832 castrum
971 1805 1037 1831 etc,

235 1851 367 1883 Eodem
392 1852 581 1890 millesimo,
605 1853 661 1884 die
686 1852 764 1883 XXI⁰
788 1852 912 1883 mensis
936 1852 1050 1889 madii,
1074 1852 1247 1893 inceptum
1273 1853 1336 1884 fuit
1360 1851 1554 1884 reedificari
1578 1851 1739 1892 palatium
1763 1850 1974 1882 combustum

150 1904 281 1935 domini
304 1905 514 1937 marchionis
537 1915 639 1947 super
662 1905 777 1947 platea
803 1906 971 1937 Ferrarie.

235 1958 368 1989 Eodem
392 1958 572 1990 millesimo
597 1964 630 1990 et
654 1968 780 1990 mense.
827 1958 994 1990 Dominus
1018 1958 1177 1991 Clemens
1201 1969 1292 1999 papa
1316 1963 1429 1990 sextus
1456 1957 1635 1989 interdixit
1667 1967 1784 1988 omnes
1816 1956 1974 1988 civitates

148 2010 298 2042 subditas
321 2011 460 2044 domino
484 2012 747 2054 archiepiscopo
770 2011 972 2052 Mediolani,
997 2018 1142 2053 excepta
1166 2012 1332 2048 Bononia,
1357 2012 1435 2053 quia
1459 2012 1531 2053 ipse
1555 2010 1849 2051 Archiepiscopus
1866 2010 1973 2040 multa

149 2069 260 2094 castra
283 2064 512 2096 rebellaverat
536 2066 649 2097 eidem
674 2065 811 2097 domino
836 2066 940 2106 Pape.

238 2117 371 2148 Eodem
394 2117 587 2156 millesimo,
612 2118 669 2149 die
694 2117 750 2149 111⁰
781 2118 905 2149 mensis
935 2118 1028 2160 junii.
1076 2118 1282 2160 Magnificus
1313 2118 1470 2149 dominus
1501 2117 1658 2148 dominus
1689 2116 1836 2147 Mastino
1867 2116 1909 2147 de
1945 2115 1976 2146 la

150 2168 252 2201 Scala
274 2170 396 2202 clausit
418 2171 454 2202 in
477 2171 638 2202 extremis
663 2177 696 2203 et
719 2172 872 2212 sepultus
896 2171 1104 2207 honorifice;
1123 2177 1155 2202 et
1172 2171 1398 2202 incontinenti
1416 2171 1458 2201 de
1475 2170 1674 2210 volunptate
1692 2169 1819 2200 domini
1839 2169 1976 2200 Alberti

151 2222 194 2253 de
217 2222 250 2253 la
273 2222 375 2254 Scala
397 2223 470 2255 eius
493 2224 610 2256 fratris
633 2235 672 2256 ac
697 2225 800 2256 totius
822 2224 940 2266 populi
964 2224 1102 2256 Verone
1128 2224 1379 2256 constituerunt
1405 2230 1438 2255 et
1462 2223 1633 2266 eligerunt
1657 2223 1690 2253 in
1714 2221 1889 2253 dominum
1907 2221 1978 2253 Ve-

151 2285 235 2306 rone
259 2281 324 2307 etc.
349 2276 522 2308 dominum
547 2275 678 2308 Canem
703 2276 877 2309 Grandem
902 2278 946 2309 de
971 2277 1002 2309 la
1026 2277 1128 2309 Scala
1153 2283 1218 2308 etc.

237 2328 370 2360 Eodem
394 2329 584 2367 millesimo,
608 2330 663 2362 die
687 2330 817 2368 martis,
841 2330 884 2362 de
900 2336 1014 2367 nocte,
1040 2329 1116 2361 xxl⁰
1140 2330 1235 2373 junii.
1281 2329 1464 2370 Repertus,
1489 2334 1523 2360 et
1539 2328 1736 2369 propalatus
1754 2328 1820 2359 fuit
1834 2327 1973 2369 quidam

151 2385 314 2413 tractatus
337 2382 486 2414 civitatis
508 2383 663 2414 Bononie
686 2383 744 2414 tali
769 2384 881 2421 modo,
904 2383 1080 2414 videlicet:
1107 2382 1243 2424 quidam
1268 2384 1383 2413 socius
1408 2381 1536 2413 domini
1562 2381 1729 2423 Johannis
1757 2380 1801 2412 de
1834 2379 1969 2422 Olegio'

153 2433 196 2464 de
219 2433 419 2466 Mediolano
443 2435 570 2467 vadens
594 2445 672 2466 cum
696 2436 763 2467 suis
780 2436 916 2467 famulis
934 2437 1027 2467 circa
1043 2442 1157 2477 portas
1174 2435 1328 2467 Bononie
1347 2435 1391 2466 ad
1408 2434 1670 2476 providendum,
1687 2439 1724 2464 ut
1740 2439 1791 2465 est
1808 2434 1851 2465 de
1867 2443 1972 2469 more,

151 2491 184 2517 et
206 2487 347 2518 veniens
370 2487 553 2529 quamdam
578 2494 712 2530 portam
738 2494 841 2520 strate
872 2488 1076 2525 Castulonis,
1108 2488 1239 2520 invenit
1270 2488 1402 2528 portam
1436 2497 1505 2518 non
1537 2487 1703 2518 clavatam
1738 2486 1902 2522 clavibus,
1933 2487 1976 2517 de

153 2549 219 2579 quo
244 2539 430 2572 admiratus
451 2547 512 2577 est,
537 2547 571 2572 et
593 2541 705 2572 statim
729 2541 807 2582 capi
830 2542 915 2572 fecit
939 2542 1157 2583 capitaneum
1183 2542 1273 2573 dicte
1300 2547 1398 2581 porte
1425 2546 1458 2571 et
1488 2540 1608 2576 socios,
1639 2539 1804 2581 duxitque
1836 2549 1896 2570 eos
1919 2549 1978 2580 pa-

242 2649 266 2674 6.
286 2651 411 2675 Florent.
431 2652 504 2683 AB3
524 2652 686 2676 Florentini
705 2652 783 2676 Mun.
804 2666 835 2669 —
856 2652 880 2677 8.
900 2653 951 2683 set]
971 2653 1020 2684 qui
1041 2653 1117 2677 Mun.
1139 2667 1170 2670 —
1197 2659 1237 2677 20.
1258 2654 1397 2676 monstras
1418 2652 1494 2676 Mun.
1515 2665 1546 2668 —
1567 2658 1608 2683 23.
1628 2652 1748 2683 stipend.
1769 2652 1794 2675 A
1808 2653 1844 2680 B;
1872 2652 1977 2683 stipen-

154 2693 236 2716 diarii
255 2688 334 2716 Mun.
354 2707 386 2710 —
406 2699 446 2724 25.
467 2694 641 2718 Eodem....
661 2701 741 2718 eccm
762 2703 809 2718 om.
829 2695 922 2722 Μυκ.;
943 2701 1021 2719 eccm
1041 2704 1088 2719 om.
1110 2696 1134 2718 B
1154 2709 1186 2711 —
1206 2694 1246 2718 26.
1266 2695 1475 2718 Montisfestini
1495 2694 1572 2718 Mun.
1587 2708 1618 2710 —
1634 2700 1673 2723 27.
1689 2691 1857 2725 recusantes]
1874 2700 1979 2716 recusa-

156 2735 225 2757 bant
245 2735 321 2759 Mmz.
343 2748 374 2753 —-
393 2742 435 2766 31.
461 2736 613 2760 millesimo
632 2739 659 2760 et
679 2745 726 2760 om.
747 2737 853 2761 MUR.'—
873 2736 1003 2760 Clemens
1022 2746 1090 2768 agg:
1110 2739 1153 2760 sul
1171 2738 1233 2768 rigo
1252 2738 1282 2759 di
1296 2738 1386 2766 prima
1407 2745 1481 2759 mano
1501 2737 1526 2759 in
1546 2737 1570 2759 A
1591 2749 1622 2752 —
1642 2743 1685 2767 34.
1705 2737 1731 2759 iu
1751 2736 1875 2766 margine
1901 2736 1930 2758 di
1954 2736 1977 2758 A

155 2777 185 2800 di
203 2777 293 2806 prima
314 2785 388 2800 mano
407 2785 481 2800 mors
501 2777 609 2801 domini
631 2778 748 2801 Mastini
771 2778 803 2801 de
824 2779 849 2801 la
870 2778 944 2802 scala
965 2787 977 2801 e
999 2780 1022 2801 il
1039 2779 1149 2809 dlsegno
1169 2779 1199 2801 di
1216 2787 1267 2802 una
1286 2780 1360 2802 scala
1380 2779 1427 2806 fra
1448 2779 1473 2801 lc
1491 2780 1587 2801 lettere
1607 2777 1635 2800 M
1656 2787 1668 2801 e
1687 2777 1716 2800 M
1737 2791 1768 2794 —
1783 2776 1824 2808 38.
1839 2778 1979 2809 repertum

154 2820 181 2842 et
200 2819 377 2851 propalatum
396 2819 535 2850 quoddam
555 2821 706 2844 tractatum
727 2820 804 2843 MUR.
825 2833 857 2837 —
877 2827 919 2852 39.
938 2821 1050 2852 quidem
1071 2821 1094 2844 A
1110 2821 1134 2843 Β

242 2914 248 2928 ¹
269 2915 446 2938 Monsestino
466 2923 480 2939 a
499 2921 531 2947 35
552 2915 603 2939 kil.
622 2917 697 2940 cii-ra
712 2916 745 2940 da
760 2916 889 2939 Modena.
923 2915 1040 2948 Signori
1095 2917 1237 2940 Faustinus
1256 2925 1269 2939 υ
1291 2917 1420 2945 Festinus,
1440 2916 1669 2944 v.T11³Assoscm,
1684 2916 1842 2939 Dizimmrio
1857 2924 1906 2940 ecc.
1922 2916 1978 2942 cit..

154 2957 182 2980 di
201 2957 264 2988 quel
285 2958 402 2981 castello
421 2965 507 2981 erano
535 2959 540 2980 i
569 2958 667 2981 Nobili
689 2958 724 2981 da
749 2958 914 2988 Saviguano
941 2958 990 2981 che
1016 2958 1040 2981 si
1095 2958 1129 2985 II,
1150 2966 1195 2990 pp.
1215 2957 1303 2989 69-70.

153 3000 336 3023 mantennero
356 2999 450 3022 ribelli
471 2999 497 3022 al
518 2999 660 3025 Marchese
680 3006 728 3030 per
745 3007 774 3031 13
789 3001 867 3023 anni.
898 3001 949 3023 Per
963 3001 1041 3023 Mons

285 3114 318 3138 T.
337 3114 396 3145 XV,
416 3122 443 3146 p.
461 3121 498 3138 111
519 3129 549 3132 —
573 3121 611 3138 12.

2011 2961 2042 2978 10

2052 1653 2146 1672 c.134r

2047 2443 2068 2461 M
2073 2447 2120 2466 nm,
2135 2443 2173 2465 4⁶5
