2360 3603
52 825 89 855 10

52 1087 88 1118 15

48 1350 88 1380 20

47 1875 88 1904 :30

48 2306 87 2337 35

55 2960 85 2977 10

112 230 194 264 [ΛΑ.
214 232 408 264 1343-1344]
743 226 1053 261 CHRONICON
1082 226 1309 261 ESTENSE
1866 230 1935 264 119

200 352 332 383 Eodem
355 351 532 383 millesimo
557 358 592 384 et
614 362 741 383 mense.
765 352 843 382 Dux
867 351 1080 383 Athenarum
1103 353 1243 384 recessit
1260 354 1303 384 de
1326 354 1499 394 provincia
1523 355 1752 387 Romandiole
1782 365 1942 398 pergens-

113 404 202 446 que¹
225 403 412 436 Bononiam
436 405 480 435 ad
503 404 695 445 hospitium,
719 403 777 434 ubi
801 405 956 436 dominus
980 405 1119 436 Tadeus
1142 406 1330 437 honorifice
1354 407 1484 448 recepit
1508 417 1595 438 eum.

198 457 329 488 Eodem
352 456 530 488 millesimo
555 463 589 488 et
609 466 735 487 mense.
761 457 838 488 Dux
861 457 1035 498 predictus
1050 457 1144 488 venit
1166 458 1358 489 Ferrariam
1374 458 1418 490 ad
1434 460 1629 501 hospitium3
1655 461 1809 492 dominus
1833 461 1943 503 Obico

111 510 263 541 marchio
289 509 429 540 estensis
453 509 630 541 honoravit
653 519 729 540 eum
753 519 830 540 cum
855 510 1009 541 omnibus
1033 510 1099 541 suis
1125 509 1159 540 in
1191 510 1316 551 palatio
1348 511 1430 543 dicti
1461 512 1678 544 Marchionis.
1725 513 1804 545 Alio
1833 514 1944 555 itaque

112 562 167 593 die
189 561 363 603 sequenti,'
388 561 518 593 scilicet
541 562 598 592 die
620 560 752 592 sabati²
775 571 919 602 pransus
943 568 994 593 est
1018 572 1094 593 cum
1118 562 1256 593 domino
1280 564 1476 595 marchione
1500 564 1670 607 Obicone3
1694 572 1826 607 sumpto
1843 577 1944 607 pran-

112 614 180 652 dio,
203 614 263 645 ivit
284 623 401 645 versus
423 614 451 644 F
453 613 666 645 rancolinum
691 624 792 645 causa
815 614 918 644 eundi
941 614 1114 646 Venetias.

199 666 330 698 Eodem
354 667 546 704 millesimo,
570 666 625 698 die
649 676 724 696 xxv
747 667 872 697 mensis
896 666 1038 708 augusti.
1067 667 1271 709 Magnificus
1295 669 1453 700 dominus
1477 670 1632 701 dominus
1655 681 1768 702 comes
1784 671 1910 703 Analdi
1923 671 1945 709 ⁸,

111 719 278 751 recedens
302 719 346 750 de
372 719 508 750 civitate
531 719 682 756 Mantue‚
713 718 807 750 venit
838 718 882 749 ad
906 719 1063 759 ospitium
1094 725 1219 750 terram
1243 720 1386 751 Hostilie
1412 721 1580 753 dist-rictus
1610 723 1760 761 Verone,
1783 723 1840 754 ubi
1872 731 1944 756 erat

113 771 267 803 dominus
290 771 460 802 Mastinus
484 771 527 802 de
550 771 584 802 la
607 770 710 802 Scala
733 770 888 802 dominus
912 770 1062 808 Verone,
1088 772 1144 812 qui
1168 772 1355 804 honorifice
1379 774 1511 814 recepit
1535 784 1613 805 eum
1641 781 1676 806 et
1707 786 1794 807 suos.
1841 777 1941 808 Tunc

113 823 239 856 accidit
263 833 359 854 casus
390 823 606 865 inoppinatus
638 823 775 854 alterius
806 823 952 861 tristitie,
977 822 1083 864 quod'
1108 824 1263 855 dominus
1285 825 1451 856 Mastinus
1474 836 1622 869 pergens
1647 827 1779 859 obviam
1808 829 1943 867 Comiti,

112 876 249 918 quidam
273 887 316 907 ex
339 875 433 907 sotiis
457 875 543 906 caris
560 875 644 907 dicti
667 875 809 907 Comitis
834 875 961 906 cecidit
977 876 1012 905 in
1029 875 1136 914 Pado,
1161 883 1371 918 quapropter
1395 878 1592 910 subfocams
1617 885 1676 917 est,
1695 886 1728 911 et
1751 874 1945 913 immediate

113 929 252 970 quidam
277 929 361 959 alius
384 928 490 959 sotius
513 933 546 958 et
563 928 741 959 familiaris
766 938 864 959 carus
889 927 1018 959 domini
1041 927 1193 967 Mastini‚
1211 930 1338 960 cadens
1356 930 1388 959 in
1406 930 1500 961 dicto
1517 931 1654 962 flumine
1671 931 1870 965 subfocatus
1886 940 1945 970 est,

113 982 171 1023 qui
195 981 382 1013 vocabatur
406 981 637 1025 Caulinectus.
684 980 796 1012 Etiam
820 980 975 1021 prefatus
998 980 1156 1011 dominus
1181 979 1304 1012 Comes
1327 983 1456 1013 cecidit
1479 983 1515 1013 in
1539 983 1647 1022 Pado,
1678 991 1729 1016 set
1763 997 1804 1016 ex
1833 986 1946 1018 subito

113 1033 238 1065 auxilio
262 1034 368 1064 evasit
391 1039 508 1070 morte,
533 1033 581 1063 ita
603 1033 697 1074 quod
720 1033 818 1064 dolor
842 1032 876 1063 in
899 1032 976 1064 loco
999 1033 1118 1075 gaudii
1142 1033 1190 1064 ibi
1207 1033 1282 1064 fuit.
1329 1034 1405 1065 Hiis
1421 1046 1480 1076 per
1498 1035 1741 1078 aliquantulum
1758 1039 1946 1077 transactis,

115 1086 271 1118 dominus
306 1085 473 1116 Mastinus
500 1085 641 1116 multum
673 1085 852 1117 honoravit
883 1085 1051 1117 Comitem
1085 1093 1117 1116 et
1148 1096 1235 1117 suos.
1282 1086 1362 1118 Alio
1394 1088 1449 1118 die
1480 1089 1647 1120 recedens
1678 1090 1759 1121 inde
1792 1091 1948 1123 dominus

112 1139 236 1171 Comes
253 1139 420 1179 equitavit
435 1148 583 1169 castrum
601 1137 787 1169 Sermidis⁴
805 1137 978 1169 districtus
993 1137 1256 1169 Mantuanorum
1267 1139 1302 1169 in
1320 1140 1479 1179 prandio;
1497 1148 1630 1182 sumpto
1646 1143 1801 1182 prandio,
1815 1144 1946 1185 equita—

112 1192 162 1222 vit
185 1201 300 1222 versus
323 1191 351 1221 F
354 1190 564 1221 rancolinum
589 1190 762 1222 districtus
785 1189 959 1232 magnifici
991 1190 1122 1221 domini
1154 1190 1283 1222 domini
1315 1191 1477 1234 Obiconis
1504 1194 1710 1225 marchionis
1739 1195 1796 1226 ubi
1828 1203 1946 1236 parata

112 1250 208 1275 erant
231 1243 344 1275 omnia
367 1242 580 1274 neccessaria
603 1253 665 1283 pro
690 1252 776 1273 cena
799 1249 833 1273 et
856 1242 1016 1283 hospitio.
1062 1243 1227 1274 Dominus
1257 1243 1425 1282 Marchio,
1450 1246 1624 1285 presciens
1647 1247 1832 1278 adventum
1865 1249 1946 1287 eius,

113 1296 237 1328 direxit
261 1295 396 1327 obviam
421 1295 453 1326 ei
476 1295 597 1326 milites
619 1305 697 1326 suos
720 1306 781 1336 per
804 1301 912 1326 terras
936 1300 970 1326 et
994 1305 1097 1337 aquas
1128 1306 1234 1338 usque
1258 1296 1470 1338 Figarolum3
1495 1304 1612 1338 postea
1639 1300 1864 1339 personaliter
1888 1302 1947 1332 ad-

113 1349 214 1380 cessit
238 1347 394 1379 dominus
416 1347 575 1379 Marchio
599 1358 707 1388 prope
731 1347 984 1385 Francolinum,
1009 1348 1154 1379 credens
1177 1348 1288 1388 ipsum
1320 1348 1487 1387 invenire,
1519 1356 1554 1381 et
1584 1360 1660 1381 cum
1693 1362 1734 1383 eo
1765 1353 1947 1385 convivare

112 1401 148 1432 in
172 1410 274 1436 cena:
301 1399 392 1442 quod
416 1410 483 1430 non
506 1399 644 1437 accidit,
677 1400 837 1441 quoniam
869 1400 1025 1431 dominus
1056 1400 1179 1431 Comes
1210 1400 1255 1431 ibi
1288 1401 1494 1441 perveniens
1525 1402 1631 1434 noluit
1661 1414 1789 1435 moram
1820 1405 1946 1443 facere,

111 1463 224 1496 ymmo
247 1453 404 1488 recessit:
433 1458 545 1482 tamen
568 1452 752 1483 honoratus
775 1458 826 1483 est
850 1461 927 1483 cum
952 1452 1108 1483 omnibus
1132 1453 1199 1483 suls
1222 1463 1243 1483 a
1266 1453 1406 1485 domino
1422 1454 1636 1492 Marchione‚
1654 1456 1839 1488 secundum
1857 1459 1948 1500 quod

113 1507 213 1537 decet
236 1505 338 1537 talem
363 1504 581 1547 magnificum
604 1504 794 1541 dominum3
820 1511 854 1536 et
877 1505 1001 1543 omnia,
1025 1516 1091 1547 que
1116 1504 1162 1536 ibi
1185 1511 1305 1546 parata
1330 1511 1427 1537 erant
1451 1517 1513 1547 pro
1530 1508 1602 1538 eius
1627 1518 1713 1539 cena
1737 1515 1771 1540 et
1801 1520 1946 1548 suorum,

112 1559 277 1589 miserunt
300 1558 336 1588 in
360 1556 504 1588 navibus
528 1567 644 1588 eornm
662 1558 706 1589 ad
722 1557 949 1588 suffitientiam
974 1567 1080 1600 usque
1104 1568 1238 1599 passum
1263 1558 1507 1590 Corbolarum⁵
1523 1560 1699 1592 districtus
1715 1561 1800 1592 dicti
1818 1563 1947 1594 domini

79 1612 90 1616 ”
117 1610 346 1647 Mal-chionis:
370 1610 487 1652 ibique
510 1610 645 1641 iverunt
668 1610 790 1641 milites
815 1616 849 1641 et
871 1610 1024 1642 offitiales
1055 1611 1181 1642 domini
1210 1611 1433 1649 Marchionis‚
1458 1618 1492 1643 et
1514 1612 1674 1644 fecerunt
1698 1613 1745 1644 ibi
1769 1617 1946 1656 preparari

113 1674 216 1696 cenas
232 1663 425 1705 magnifice,
443 1669 476 1694 et
492 1663 542 1694 ibi
560 1673 635 1694 cum
653 1663 808 1694 omnibus
825 1663 892 1694 suis
917 1669 1126 1694 cenaverunt
1150 1664 1310 1704 expensis
1334 1664 1461 1695 domini
1485 1665 1710 1705 Marchionis‚
1729 1673 1762 1698 et
1785 1668 1946 1709 hospitati

113 1723 200 1748 sunt.
246 1715 327 1748 Alio
351 1715 407 1747 die
431 1715 565 1746 iverunt
588 1725 704 1746 versus
737 1715 898 1747 Venetias
923 1726 1025 1747 causa
1049 1716 1152 1747 eundi
1176 1716 1263 1747 ultra
1287 1727 1379 1748 mare
1404 1717 1448 1749 ad
1471 1718 1665 1758 sepulcrum
1691 1719 1818 1750 domini
1842 1721 1946 1752 nostri

114 1769 208 1800 Yesu
231 1768 370 1801 Christi.

199 1822 332 1853 Eodem
355 1821 545 1859 millesimo,
558 1821 708 1852 secundo
731 1816 920 1853 setembris.
945 1822 1112 1853 Dominus
1135 1822 1322 1854 Ubertinus
1347 1823 1389 1854 de
1406 1823 1547 1854 Cararia
1571 1824 1728 1856 dominus
1744 1825 1861 1857 Padue
1886 1826 1946 1858 ivit

113 1874 291 1905 Coloniam
314 1874 347 1903 in
373 1873 527 1904 districtu
545 1873 682 1904 verone
702 1874 745 1904 ad
761 1873 1010 1914 parlamentum
1028 1883 1105 1904 cum
1121 1874 1258 1906 domino
1274 1874 1423 1907 Mastino
1441 1875 1483 1906 de
1501 1875 1533 1907 la
1550 1875 1662 1914 Scala,
1687 1877 1746 1919 qui
1770 1878 1949 1910 honoravit

113 1935 187 1958 eum
211 1926 323 1964 valde,
347 1926 436 1957 sicut
458 1925 576 1957 solitus
599 1932 688 1963 erat3
713 1926 779 1957 alio
804 1926 859 1957 die
882 1936 1040 1958 reversus
1062 1932 1113 1958 est
1134 1927 1320 1965 Veronam,
1344 1934 1377 1958 et
1400 1928 1485 1959 alter
1509 1929 1665 1960 dominus
1695 1929 1860 1962 Paduam.

880 2094 1181 2137 MCCCXLHIJ‘ff.

198 2211 259 2232 XVI
281 2200 440 2242 januarii.
462 2199 537 2232 Pax
561 2206 595 2232 et
618 2201 804 2233 concordia
827 2201 922 2232 facta
946 2207 997 2232 est
1020 2201 1111 2232 inter
1135 2201 1316 2233 Dominum
1341 2202 1589 2243 appostolicum
1612 2214 1799 2241 romanum,
1829 2211 1863 2236 et
1887 2205 1948 2237 do-

111 2253 237 2284 minum
261 2253 499 2294 imperatorem
521 2253 723 2296 Lodoycum
746 2254 788 2285 de
813 2254 968 2292 Baveria,
993 2254 1049 2296 qui
1074 2253 1163 2285 bona
1187 2254 1254 2285 fide
1278 2254 1454 2295 operabat,
1479 2255 1565 2286 alter
1590 2266 1671 2287 vero
1695 2267 1773 2288 non.

199 2306 330 2337 Eodem
352 2306 543 2343 millesimo,
568 2306 624 2338 die
656 2316 733 2337 xxn
763 2307 888 2337 mensis
919 2306 1094 2337 februarii.
1143 2307 1180 2337 In
1213 2307 1309 2338 curia
1331 2317 1472 2338 romana
1504 2313 1537 2339 et
1560 2308 1724 2349 pub[l]ico
1748 2310 1947 2343 consistorio

112 2359 337 2390 cardinalium
361 2358 531 2400 completa
555 2365 588 2390 et
613 2359 810 2390 confirmata
834 2365 885 2390 est
908 2369 974 2400 pax
998 2359 1089 2390 inter
1113 2359 1287 2390 dominum
1309 2370 1433 2400 papam
1457 2360 1668 2392 Clementem
1699 2368 1732 2392 et
1759 2362 1949 2395 cardinales

113 2422 156 2442 ex
177 2421 245 2442 una
268 2417 374 2452 parte,
399 2417 433 2441 et
455 2411 629 2443 dominum
652 2411 885 2442 marchionem
909 2411 1100 2454 Obiconem
1125 2422 1167 2443 ex
1183 2412 1298 2449 altera,
1314 2412 1531 2453 infrascripto
1548 2414 1666 2445 modo:
1684 2415 1776 2455 quod
1793 2415 1949 2448 dominus

205 2547 227 2564 1.
245 2539 349 2563 Eodem
370 2540 513 2564 millesimo
534 2539 571 2571 et]
587 2541 672 2563 Dicto
688 2540 764 2564 Mun.
780 2554 811 2557 —
829 2546 882 2564 1-2.
896 2539 1078 2572 pergensque]
1097 2546 1214 2572 pergens
1228 2540 1305 2564 MUR.
1320 2554 1351 2558 —
1365 2547 1390 2571 3.
1403 2540 1554 2565 millesimo
1568 2542 1597 2566 et
1610 2550 1657 2565 om.
1671 2543 1749 2567 MUR.
1763 2555 1796 2560 —
1810 2548 1835 2574 7.
1848 2544 1947 2569 Eodem

113 2581 261 2605 millesimo
280 2589 328 2605 om.
348 2580 424 2605 Mun.
440 2594 473 2599 -
489 2589 528 2605 11.
543 2581 668 2612 qnidam]
688 2581 832 2611 quidemA
848 2595 875 2598 —
896 2588 936 2605 12.
949 2580 1072 2611 quidam]
1086 2582 1195 2612 quidem
1211 2582 1234 2604 A
1255 2595 1265 2599 -
1284 2579 1435 2605 'familiaris
1447 2583 1490 2609 A:
1509 2582 1629 2607 famulus
1642 2584 1753 2608 BMUR.
1774 2598 1806 2602 —
1828 2585 1869 2610 16.
1887 2586 1948 2610 Ser-

112 2622 198 2646 minis
216 2623 239 2645 A
253 2623 279 2645 B
298 2635 329 2640 -—
352 2628 392 2652 17.
412 2623 475 2653 dopo
495 2623 665 2647 marchionis
684 2623 709 2644 B
728 2623 805 2647 Mun.
824 2630 884 2653 agg.
910 2623 1029 2646 estensis
1051 2635 1081 2639 -
1103 2629 1144 2646 21.
1168 2623 1230 2653 dopo
1255 2623 1386 2653 quoniam
1406 2624 1429 2646 Α
1442 2624 1467 2646 Β
1485 2624 1571 2647 hanno
1595 2625 1669 2656 qnod
1690 2638 1722 2642 -—
1749 2626 1792 2651 26.
1812 2627 1847 2650 ad
1865 2634 1947 2651 cenas

112 2664 173 2687 AB
190 2677 223 2681 —
243 2671 284 2696 ²9·
304 2664 407 2688 Eodem
428 2663 591 2694 millesimo]
614 2664 658 2687 die
679 2664 756 2688 Mun.
779 2677 789 2682 -
808 2665 954 2688 setembris
973 2665 1086 2687 ricavato
1105 2672 1136 2687 su
1156 2665 1309 2688 decembris
1328 2666 1357 2687 in
1376 2665 1399 2688 A
1413 2678 1445 2681 —
1459 2672 1500 2696 35.
1521 2666 1623 2690 Eodem
1642 2667 1789 2691 millesimo
1808 2676 1855 2692 om.
1870 2669 1946 2693 Mun.

113 2717 146 2722 —
166 2704 208 2736 36.
227 2705 271 2728 nel
287 2706 405 2736 marg-ine
424 2707 455 2729 di
469 2707 580 2729 sinistra
599 2706 628 2729 in
647 2706 671 2728 A
691 2706 761 2728 della
778 2709 856 2729 stessa
876 2714 967 2729 mano:
989 2706 1096 2730 Census
1115 2706 1195 2731 civit.
1213 2707 1234 2730 F
1236 2707 1339 2730 erran-ie
1358 2708 1386 2730 et
1405 2708 1530 2738 Argente

200 2785 207 2801 ¹
229 2786 433 2811 Conserviarno
448 2790 610 2818 pergensque
630 2786 726 2819 perche
748 2787 899 2811 rsteniamo
918 2787 943 2811 la
962 2788 1003 2811 lo·
1144 2785 1155 2801 ²
1175 2787 1402 2812 Probabilmente
1421 2789 1443 2812 il
1460 2795 1492 2820 ³3
1513 2791 1623 2820 agusto.

112 2828 227 2852 cuzione
252 2829 399 2860 originale.
437 2820 458 2852 E
483 2836 540 2852 una
563 2829 744 2852 costruzione
769 2823 847 2860 quasi
872 2837 887 2852 a
912 2836 1001 2859 senso,
1142 2829 1154 2846 ⁸
1173 2820 1193 2852 ὲ
1213 2829 1373 2861 Guglielmo
1393 2829 1418 2853 11
1437 2830 1467 2853 di
1485 2831 1617 2855 HaInaut.

111 2870 162 2893 che
179 2877 236 2894 non
261 2871 290 2894 vi
309 2877 380 2894 sono
399 2870 510 2902 ragioni
532 2877 581 2902 per
601 2878 657 2894 non
683 2871 791 2894 credere
811 2871 901 2894 useita
927 2871 1003 2894 dalla
1143 2870 1154 2885 ‘¹
1173 2871 1296 2895 Sermide
1314 2878 1330 2894 a
1350 2877 1381 2902 43
1400 2871 1447 2895 kil.
1467 2872 1564 2896 E-S-E.
1584 2872 1618 2897 da
1637 2873 1780 2898 Mantova.

112 2918 204 2942 penna
223 2910 388 2934 dell’autore
406 2911 447 2934 del
471 2911 622 2934 Chronicon.
660 2911 680 2934 Il
694 2912 775 2942 quale
793 2913 817 2935 si
831 2913 1003 2943 perrnetteva
1143 2910 1154 2927 ⁵
1173 2912 1303 2942 Corhola,
1323 2913 1393 2936 sulla
1412 2913 1474 2937 riva
1493 2914 1584 2937 destra
1603 2914 1648 2938 del
1667 2915 1708 2939 Po
1722 2916 1795 2940 della
1813 2916 1945 2947 Maesti-a,

113 2953 211 2983 questa
228 2952 260 2975 ed
280 2952 350 2975 altre
371 2950 479 2975 liberta.
1056 2961 1073 2978 a
1091 2960 1107 2985 9
1127 2954 1177 2979 kil.
1195 2954 1310 2979 N-N·O.
1330 2954 1359 2978 di
1378 2955 1484 2979 Ariano
1503 2955 1547 2979 nel
1566 2956 1702 2981 Polesine.

2020 840 2094 862 Mun..
2111 840 2145 859 411
