2360 3603
183 1663 254 1681 ΜιῚιΙ
272 1662 309 1680 414

330 2637 360 2654 10

1018 212 1327 248 CHRONICON
1355 212 1522 247 ESTEN
1525 211 1585 246 SE
2051 215 2103 249 [A.
2124 217 2216 250 1344]

472 346 603 377 Eodem
627 345 693 381 die,
710 344 883 386 Johannes
900 342 1090 384 Cagnolus¹
1116 343 1159 374 de
1182 341 1320 384 Corigia
1345 341 1486 382 aplicuit
1509 340 1676 372 Mutinam
1694 341 1738 372 ad
1754 340 1945 382 predictum
1968 341 2216 383 parlamentum

386 406 486 427 causa
509 395 658 426 habendi
682 404 804 435 pacem
829 404 905 424 cum
929 393 1066 425 domino
1091 392 1241 423 Mastino
1266 393 1309 424 de
1334 392 1366 422 la
1390 391 1502 423 Scala.

472 447 603 478 Eodem
627 445 815 481 millesimo,
840 445 897 475 die
922 453 944 473 v
968 443 1163 475 novembris
1176 443 1198 474 2.
1222 442 1386 474 Dominus
1402 441 1584 474 Malatesta
1609 442 1651 473 de
1675 442 1841 480 Arimino,
1859 443 2014 474 dominus
2037 441 2218 474 Hostaxius

385 500 428 531 de
452 499 620 530 Ravenna
643 497 855 538 aplicuerunt
878 496 1047 527 Mutinam
1070 495 1114 527 ad
1138 495 1266 526 dictum
1289 494 1548 535 parlamentum,
1571 504 1610 525 ac
1636 494 1672 524 in
1695 494 1821 526 auxilio
1853 495 1981 526 domini
2012 494 2218 526 marchionis

383 551 558 593 Obiconis.
604 550 706 580 Tunc
723 549 870 590 populus
886 548 1100 579 ferrariensis
1117 554 1151 579 et
1167 547 1367 578 mutinensis
1384 547 1518 578 iverunt
1535 547 1707 578 civitatem
1724 546 1847 578 Parme
1870 547 1915 579 ad
1940 547 2126 579 custodiam
2151 553 2217 578 etc.

470 603 603 634 Eodem
626 601 803 632 millesimo
828 611 865 632 vr
888 600 1090 632 novembris.
1115 600 1305 642 Jacopinus
1321 599 1512 642 Raugonus
1528 600 1571 631 de
1595 599 1741 637 Mutina,
1760 599 1922 630 Galacius
1946 600 1989 631 de
2012 599 2161 631 Medicis
2177 599 2220 630 de

384 656 524 687 Feraria
549 666 625 686 cum
648 653 796 684 maxima
819 653 1004 694 quantitate
1028 653 1173 683 militum
1197 652 1436 694 equitaverunt
1459 662 1575 683 versus
1597 651 1755 683 Parmam
1780 652 1824 683 ad
1851 652 2067 684 muniendum
2093 652 2220 683 dictam

385 707 558 738 civitatem
581 715 643 746 pro
667 703 807 735 domino
831 703 1029 735 marchione
1054 702 1222 745 Obicone,
1248 708 1282 734 et
1304 708 1341 733 ut
1365 702 1521 733 dominus
1543 702 1640 744 Acco
1665 702 1708 733 de
1732 701 1881 743 Corigia,
1906 702 1963 743 qui
1986 708 2067 733 tunc
2092 708 2163 733 erat
2187 701 2221 732 in

383 759 517 797 Parma,
540 763 655 800 posset
672 757 784 788 redire
801 756 968 788 Mutinam
987 756 1031 787 ad
1047 755 1177 787 dictum
1201 755 1448 797 parlamentum
1473 765 1549 786 cum
1574 754 1719 786 dominis
1735 754 1902 796 Obicone,
1918 754 2066 786 Mastino
2084 760 2117 786 et
2135 754 2219 785 aliis.

471 812 602 843 Eodem
625 809 814 846 millesimo,
831 809 886 841 die
905 818 927 839 X
952 808 1153 840 novembris.
1180 807 1320 839 Illustris
1337 813 1371 838 et
1387 807 1585 849 magnificus
1601 807 1758 838 dominus
1775 806 1931 838 dominus
1948 806 2057 849 Obieo
2070 806 2221 837 marchio

383 863 532 902 estensis,
557 861 714 893 Marchie
738 860 966 898 Anconitane,
991 860 1140 898 Ferarie,
1164 860 1298 892 Mutine
1323 866 1356 891 et
1380 859 1502 890 Parme
1527 859 1681 890 dominus
1698 859 1876 901 generalis,
1894 859 2061 890 recedens
2084 859 2220 890 civitate

383 917 527 955 Mutine,
552 925 628 946 cum
652 914 798 945 maxima
822 913 1008 955 quantitate
1035 913 1243 954 equestrium
1260 918 1293 943 et
1308 912 1462 953 peditum
1478 912 1611 943 iverunt
1628 913 1671 944 ad
1689 912 1870 953 hospitium
1896 917 2042 943 castrum
2065 911 2222 943 Monticli

383 967 556 999 districtus
571 965 710 1001 Parme3
728 964 794 995 alio
812 963 867 994 die
885 963 1100 1005 aplicuerunt
1116 962 1275 993 Parmam
1291 962 1467 994 civitatem
1483 972 1576 993 suam
1593 963 1629 993 in
1644 962 1802 1003 prandio,
1820 968 1853 992 et
1869 961 2077 993 intraverunt
2094 961 2221 993 dictam

384 1020 555 1052 civitatem
581 1028 657 1048 cum
681 1016 826 1047 maximo
850 1016 979 1047 honore
1004 1021 1036 1046 et
1061 1015 1177 1053 letitia,
1202 1014 1381 1046 adsotiatis
1404 1013 1563 1056 gentibus
1580 1013 1835 1045 honorabilibus
1858 1014 1982 1052 multis,
2007 1013 2139 1045 scilicet
2163 1014 2224 1045 do-

385 1073 475 1104 mino
498 1071 679 1103 Malatesta
710 1069 753 1100 de
785 1067 951 1105 Arimino,
976 1068 1114 1099 domino
1146 1067 1312 1099 Hostaxio
1344 1067 1387 1098 de
1420 1067 1574 1103 Polenta‚
1607 1067 1743 1098 domino
1775 1067 1928 1108 Johanne
1957 1065 2223 1109 Alberghettini,

385 1125 520 1158 domino
537 1122 723 1154 Francisco
740 1120 940 1152 marchione
957 1126 1088 1151 estense
1105 1119 1173 1150 filio
1191 1118 1321 1150 domini
1338 1117 1524 1156 Bertholdi,
1543 1118 1678 1150 domino
1694 1117 1838 1160 Accone
1863 1118 1906 1149 de
1931 1117 2081 1161 Corigia,
2093 1117 2223 1159 Joanne

387 1185 420 1210 et
444 1175 598 1219 Cagnolo
622 1175 666 1206 de
685 1172 834 1215 Corigia,
853 1172 988 1204 domino
1007 1171 1173 1203 Ghiberto
1192 1171 1234 1202 de
1252 1171 1404 1213 Foyano,
1421 1181 1498 1201 cum
1516 1170 1620 1207 aliis;'
1647 1170 1748 1201 etiam
1767 1170 1859 1202 cives
1877 1170 1967 1201 dicte
1985 1169 2140 1207 civitatis,
2156 1175 2225 1201 tam

384 1230 498 1273 magni
523 1238 624 1271 quam
647 1226 754 1268 parvi,
779 1230 945 1257 venerunt
970 1225 1103 1256 obviam
1128 1224 1267 1255 domino
1290 1223 1502 1262 Marchioni,
1525 1230 1559 1255 et
1580 1224 1703 1265 ipsum,
1727 1229 1899 1265 tamquam
1922 1222 2048 1254 bonum
2074 1229 2108 1254 et
2130 1222 2226 1254 beni-

386 1283 500 1315 volum
516 1281 701 1316 dominum,
718 1279 971 1310 honoraverunt
988 1284 1021 1308 et
1038 1283 1244 1318 receperunt
1260 1276 1294 1307 in
1311 1276 1405 1308 dicta
1421 1276 1563 1307 civitate
1587 1276 1623 1307 in
1647 1276 1795 1318 ipsorum
1818 1276 1994 1308 dominum
2018 1275 2225 1317 generalem.

472 1335 604 1367 Eodem
628 1331 818 1368 millesimo,
837 1329 892 1361 die
916 1339 1025 1361 xxnn
1039 1329 1244 1367 novembris,
1262 1329 1295 1359 in
1312 1328 1428 1371 vigilia
1444 1334 1559 1360 sancte
1576 1328 1753 1360 Katerine.
1779 1329 1882 1360 Cives
1898 1328 2020 1359 Parme
2037 1337 2226 1371 congrega-

385 1394 463 1418 runt
482 1384 659 1418 consilium
674 1393 778 1423 super
800 1381 962 1422 palatium
981 1380 1134 1411 comunis
1151 1379 1284 1416 Parme,
1301 1379 1336 1409 in
1355 1390 1421 1421 quo
1439 1379 1505 1410 fuit
1522 1380 1678 1410 dominus
1694 1378 1791 1421 Acco
1810 1386 1842 1409 et
1854 1379 2026 1420 Johannes
2042 1379 2166 1410 fratres
2182 1377 2225 1409 de

386 1440 536 1482 corigia,
559 1436 731 1479 Cagnolus
754 1435 904 1475 ipsorum
922 1443 1038 1475 nepos,
1056 1433 1250 1469 Ghibertus‚
1269 1432 1482 1474 Janquilicus
1499 1433 1542 1464 de
1560 1432 1689 1464 Sancto
1706 1432 1810 1464 Vitali
1827 1442 1903 1463 cum
1920 1431 2035 1462 multis
2052 1431 2126 1462 aliis
2143 1431 2226 1463 civi-

386 1495 459 1530 bus,
477 1501 590 1524 coram
608 1488 745 1520 domino
761 1486 953 1518 Alemanno
972 1486 1014 1517 de
1031 1485 1147 1527 Obicis
1164 1485 1206 1517 de
1223 1485 1318 1517 Luca
1335 1491 1501 1526 potestate
1519 1484 1611 1515 dicte
1629 1484 1774 1515 civitatis
1790 1495 1853 1526 pro
1870 1484 1961 1516 dicto
1980 1483 2117 1516 domino
2133 1484 2227 1515 Mar-

386 1546 521 1581 chione,
545 1542 713 1574 existente
736 1540 783 1572 ibi
809 1539 908 1570 etiam
934 1539 1066 1570 vicario
1090 1538 1174 1570 dicti
1197 1538 1375 1579 potestatis
1399 1538 1537 1569 domino
1561 1537 1674 1568 Ricco
1692 1538 1734 1568 de
1751 1537 1896 1568 Morano
1913 1538 1957 1568 de
1973 1536 2108 1568 Mutina
2120 1536 2142 1574 ³,
2167 1535 2226 1578 qui

387 1594 531 1628 surrexit
554 1593 588 1623 in
613 1592 709 1624 dicto
734 1589 874 1622 consilio
898 1589 1026 1631 populi,
1050 1589 1265 1630 interrogans
1288 1598 1355 1625 eos,
1380 1588 1407 1619 si
1432 1587 1586 1619 contenti
1610 1594 1707 1618 erant
1739 1587 1782 1618 de
1810 1587 1959 1619 dominio
1982 1587 2110 1628 prefati
2132 1586 2224 1618 Mar-

386 1647 537 1681 'chionis.
584 1643 655 1681 Qui
671 1652 789 1676 omnes
806 1642 880 1673 altis
896 1641 1037 1673 vocibus
1054 1641 1302 1672 clamaverunt:
1323 1641 1478 1671 (lomenti
1497 1651 1623 1670 sumus:
1648 1640 1746 1671 Vivat
1768 1640 1919 1671 dominus
1941 1644 2052 1670 noster
2075 1639 2226 1670 dominus

389 1700 538 1733 marchio
557 1697 667 1743 ObifO.
715 1695 787 1732 Qui
811 1695 951 1726 fuerunt
973 1704 1114 1725 numero
1132 1696 1221 1731 unm,
1246 1694 1306 1735 qui
1330 1704 1448 1725 omnes
1472 1693 1768 1725 concordaverunt
1792 1692 1835 1724 ad
1859 1693 1935 1730 hoc,
1953 1692 2105 1733 exceptis
2129 1692 2226 1733 quin-

386 1765 451 1797 que
464 1754 486 1785 ⁴.
525 1749 768 1784 Inconfinenfi,
792 1748 917 1790 magni,
941 1747 1047 1789 parvi,
1073 1747 1319 1788 cuiuscumque
1336 1746 1552 1783 conditionis,
1570 1745 1662 1776 dicte
1681 1745 1829 1776 civitatis
1845 1745 1980 1776 iverunt
1995 1745 2041 1776 ad
2063 1744 2227 1786 palatium

388 1806 518 1839 domini
543 1802 706 1846 episcopi,
730 1802 765 1832 in
789 1811 856 1843 quo
880 1800 1075 1832 morabatur
1099 1800 1256 1831 dominus
1279 1799 1431 1831 marchio
1455 1799 1575 1840 Obico,
1600 1804 1633 1829 et
1656 1808 1759 1839 super
1783 1798 1888 1829 salam
1905 1798 1990 1829 dicti
2010 1797 2128 1839 palatii
2151 1797 2226 1839 qui-

386 1862 464 1892 dam
488 1859 591 1889 iudex
616 1855 816 1888 constitutus
839 1853 1004 1896 syndicus
1027 1853 1110 1885 dicti
1134 1852 1287 1885 comunis
1309 1852 1433 1883 Parme
1458 1862 1573 1883 coram
1603 1850 1759 1883 omnibus
1785 1851 1923 1882 tradidit
1947 1848 1998 1882 et
2014 1850 2227 1882 confirmavit

387 1914 482 1946 dicto
498 1909 640 1943 domino
654 1907 850 1940 Marchionj
868 1906 1056 1938 dominium
1073 1905 1216 1937 liberum
1233 1906 1324 1937 dicte
1341 1905 1486 1936 civitatis
1502 1904 1644 1946 eiusque
1661 1903 1846 1941 districtus,
1864 1913 1905 1934 ac
1923 1903 2037 1934 claves
2052 1909 2226 1944 portarum

384 1964 476 1997 dicte
502 1960 648 1993 civitatis
671 1965 738 1991 etc.

473 2013 605 2044 Eodem
620 2009 814 2047 millesimo,
832 2008 887 2039 die
906 2017 979 2038 xxv
1000 2007 1126 2038 mensis
1149 2006 1352 2044 novembris,
1377 2006 1434 2037 die
1459 2011 1577 2036 sancte
1601 2004 1778 2036 Katerine.
1803 2003 1908 2037 Crida
1931 2005 2025 2036 facta
2047 2010 2097 2035 est
2120 2004 2153 2034 in
2178 2004 2226 2035 ci-

384 2067 488 2098 vitate
512 2065 634 2096 Parme
650 2072 752 2103 super
775 2061 885 2092 scalas
908 2060 1024 2101 palatii
1047 2061 1202 2091 comunis
1226 2071 1268 2091 ex
1290 2064 1388 2100 parte
1413 2058 1540 2090 domini
1565 2057 1776 2089 Marchionis
1799 2057 1957 2098 predicti,
1973 2057 2066 2099 quod
2090 2056 2124 2087 in
2147 2056 2227 2088 teri-

384 2119 469 2151 torio
495 2118 576 2155 eius,
600 2114 766 2147 videlicet
788 2125 809 2145 a
832 2113 923 2145 civit.
948 2113 1114 2151 Ferrarie,
1138 2112 1270 2144 Mutine
1295 2122 1402 2154 usque
1433 2111 1601 2148 Parmam,
1634 2116 1668 2142 et
1698 2121 1760 2152 per
1791 2116 1898 2141 totum
1929 2109 2117 2141 dist-rictum
2145 2109 2226 2141 dicti

475 2229 496 2245 1.
517 2221 563 2245 die
579 2221 623 2247 A,-
641 2219 787 2243 millesimo
806 2217 848 2245 Β,-
866 2225 942 2242 anno
962 2217 1041 2242 Mun.
1061 2231 1094 2235 —
1113 2223 1138 2248 3.
1157 2217 1262 2241 Eodem
1285 2216 1431 2240 millesimo
1451 2222 1498 2238 om.
1520 2215 1597 2238 Mna.
1620 2228 1650 2231 -—
1671 2213 1695 2237 6.
1716 2213 1821 2238 Eodem
1848 2211 2005 2243 millesimo]
2027 2212 2072 2236 die
2094 2213 2171 2237 Mun.
2190 2226 2222 2230 —

386 2271 410 2296 7.
429 2264 464 2288 ad
484 2262 664 2287 muniendum
684 2261 787 2284 dictam
806 2260 896 2282 scritto
911 2259 1125 2290 posteriormente
1144 2258 1214 2281 dallo
1231 2261 1306 2281 stesso
1324 2258 1420 2288 copx'sta
1438 2258 1467 2280 in
1480 2257 1503 2280 A
1521 2264 1552 2279 su
1571 2256 1666 2278 lacuna
1685 2269 1717 2273 —
1733 2262 1774 2278 10.
1787 2255 1893 2278 Eodem
1915 2254 2061 2278 millesimo
2079 2261 2125 2277 om.
2146 2253 2223 2278 Μυκ.

387 2319 418 2323 —
441 2312 481 2336 14.
500 2301 664 2333 adsociatis]
685 2301 816 2325 adsotiat.
836 2301 878 2328 A,·
897 2300 1040 2324 adsotiant
1053 2300 1096 2327 B,·
1116 2298 1326 2323 adsociantibus
1346 2299 1424 2322 MUR.
1445 2311 1475 2314 —
1500 2297 1538 2321 μ’».
1559 2297 1618 2320 filio
1638 2296 1746 2319 domini
1765 2295 1888 2319 Bertoldi
1902 2295 1967 2318 inA
1979 2295 1992 2317 ἐ
2010 2295 2099 2318 scritto
2112 2296 2140 2318 in
2153 2302 2223 2318 mar-

382 2349 445 2379 gine
464 2345 565 2369 d’altra
584 2351 658 2367 mano
678 2342 722 2366 del
738 2345 820 2374 tempo
839 2356 870 2359 —
894 2348 933 2373 17.
953 2342 1059 2365 civibus
1079 2341 1153 2365 dicte
1171 2341 1306 2369 civitatis,
1326 2340 1375 2371 qui
1394 2340 1473 2363 MUR.
1493 2352 1523 2355 —
1544 2344 1586 2362 20.
1606 2337 1709 2362 Eodem
1734 2345 1781 2360 om.
1802 2337 1879 2361 MUR.
1900 2349 1911 2354 -
1933 2336 2080 2360 millesimo
2099 2344 2147 2360 om.
2167 2336 2224 2359 AB

383 2389 460 2413 Mun.
482 2400 492 2405 -
509 2386 715 2418 congregarunt
736 2385 830 2414 MUR.;
849 2384 1009 2416 congregat.
1027 2383 1086 2406 AB
1105 2397 1137 2401 —
1157 2389 1244 2414 23-24.
1266 2381 1309 2404 nel
1327 2382 1446 2410 margine
1463 2381 1572 2403 sinistro
1590 2380 1621 2402 di
1638 2379 1661 2402 A
1679 2386 1739 2402 sono
1757 2380 1846 2401 scr-itte
1864 2377 1933 2400 della
1952 2378 2089 2400 meden'ma
2108 2385 2183 2401 mano
2202 2378 2224 2400 le

383 2429 472 2461 parole
482 2438 490 2452 :
513 2426 668 2459 [dominu]s
687 2426 814 2450 marchio
830 2426 920 2459 Obice
938 2426 1058 2449 estensis
1077 2426 1129 2448 ete.
1149 2423 1327 2448 confirmatus
1341 2424 1382 2446 est
1396 2422 1529 2445 dominus
1544 2420 1695 2452 [ciJvitatis
1713 2420 1812 2444 Parme
1826 2433 1858 2436 —-
1873 2425 1915 2450 23.
1927 2418 2082 2450 Potestate]
2095 2419 2224 2443 Potestas

386 2472 409 2494 Α
421 2471 446 2494 Β
466 2484 497 2488 -
518 2475 560 2500 25.
579 2469 776 2492 existente....
798 2466 923 2498 vicario]
943 2467 1123 2491 existens....
1148 2466 1268 2490 vicarius
1287 2464 1346 2488 AB
1365 2477 1376 2481 -
1390 2464 1514 2487 Domino
1528 2461 1626 2492 Ricco]
1641 2462 1780 2486 Dominus
1792 2462 1892 2486 Riceus
1904 2461 1965 2484 AB
1979 2475 2010 2478 —
2032 2466 2073 2490 27.
2093 2463 2164 2485 num
2182 2461 2224 2487 A,-

386 2512 459 2537 11110‘
479 2512 521 2539 B,-
539 2509 739 2543 quadringenti
760 2510 838 2534 Mun.
859 2523 891 2527 —
911 2512 952 2540 35.
972 2509 1035 2539 dopo
1054 2508 1179 2532 Feri-arie
1197 2515 1256 2538 agg.
1278 2508 1306 2530 et
1326 2506 1403 2530 Mun.

475 2588 483 2604 ¹
505 2588 632 2620 Cagnolo
656 2595 702 2611 era
722 2588 822 2618 nipote
849 2587 877 2610 di
903 2586 1049 2611 Giovannl
1067 2586 1100 2610 da
1127 2585 1281 2616 Correggio

388 2630 436 2662 (cf.
453 2629 529 2653 Cron.
543 2629 615 2653 illoti.
630 2629 687 2657 cit,
702 2627 761 2657 XV,
778 2633 824 2659 242
840 2634 853 2650 e
871 2627 897 2651 lo
912 2634 1002 2650 stesso
1019 2626 1112 2650 Chron.
1126 2625 1182 2650 Est.
1197 2625 1283 2656 poche

388 2673 466 2704 righe
492 2670 539 2702 pits
560 2671 665 2699 avanti,
685 2670 701 2693 1.
729 2671 789 2700 24)·‚
808 2669 908 2700 quindi
928 2669 946 2692 il
966 2669 1040 2692 testo
1066 2667 1207 2691 dovrebbe
1226 2665 1285 2690 cosl

388 2712 539 2737 restituirsi
557 2711 692 2742 fihannes
709 2713 734 2733 et
763 2710 892 2742 Cagnolus
917 2711 947 2733 de
977 2709 1082 2740 Cor-igin
1107 2708 1282 2739 aplicuerunt.

476 2752 487 2768 ²
507 2759 522 2784 7
548 2752 697 2776 novembre
727 2752 847 2776 secondo
873 2752 892 2775 il
922 2752 1061 2781 Mommo,
1095 2748 1283 2779 Cron.,Mod„

387 2794 440 2819 loc.
458 2794 529 2824 cit.).

477 2833 488 2849 3
509 2835 625 2859 Valente
643 2835 772 2865 giurista,
792 2834 833 2858 nel
857 2840 922 2865 1339
942 2833 972 2858 fu
991 2841 1008 2857 a
1026 2834 1141 2857 Firenze
1159 2840 1175 2856 a
1194 2834 1283 2856 soste-

389 2878 467 2901 nervi
492 2877 564 2901 uffici
591 2876 620 2899 di
647 2876 733 2900 molta
758 2877 942 2906 Importanza.
978 2876 1048 2899 Fece
1072 2875 1242 2899 testamento
1264 2874 1283 2897 il

392 2922 418 2941 1⁰
437 2919 587 2943 settembre
617 2917 682 2947 1362
702 2924 717 2941 e
743 2915 830 2941 lascio
849 2924 886 2941 un
906 2917 998 2948 legato
1016 2923 1065 2949 per
1083 2922 1139 2941 una
1161 2915 1284 2947 cappella

390 2961 464 2984 nella.
482 2960 574 2984 chiesa
600 2960 697 2984 disan
724 2960 878 2984 Francesco
899 2960 927 2983 in
954 2959 1084 2989 Modena,
1109 2957 1181 2982 nella
1207 2957 1285 2989 quale

1336 2583 1484 2607 dovevano
1502 2589 1577 2607 esser
1595 2583 1730 2606 collocate
1743 2582 1794 2606 due
1807 2581 1909 2610 tumbe,
1922 2588 1979 2605 una
1993 2588 2041 2612 per
2059 2577 2098 2603 lui
2111 2586 2126 2603 e
2138 2579 2227 2603 1¹a1tra

1337 2632 1384 2657 per
1397 2626 1436 2656 gli
1450 2624 1526 2648 eredi
1538 2625 1608 2654 suoi,
1623 2623 1635 2635 ‘¹
1649 2631 1732 2655 supra
1746 2623 1845 2655 quibus
1859 2623 1958 2646 saltem
1971 2624 2000 2646 in
2014 2629 2070 2646 una
2082 2622 2120 2646 sit
2132 2621 2227 2649 infixa,
2256 2624 2267 2641 2

1337 2667 1349 2677 “
1361 2666 1473 2697 sculpta
1494 2667 1521 2690 et
1541 2665 1688 2698 intagliata
1706 2672 1807 2697 ymago
1827 2665 1916 2695 ipsius
1935 2664 2082 2688 testatoris
2101 2663 2126 2687 d.
2145 2662 2227 2686 Richi

1338 2711 1349 2722 ¹·
1363 2710 1391 2732 in
1417 2708 1509 2731 forma
1534 2707 1681 2737 doctoris„
1701 2706 1789 2737 (Mem.
1809 2706 1914 2733 Notar„
1937 2713 1980 2730 an.
2006 2706 2080 2736 1362,
2104 2704 2126 2734 1,
2145 2712 2179 2735 44
2198 2705 2227 2727 in

1337 2749 1415 2773 Arch.
1436 2749 1496 2772 Not.
1517 2749 1547 2771 di
1563 2747 1686 2778 Modena)

1424 2789 1435 2805 ⁴
1456 2790 1467 2813 1
1488 2791 1547 2814 voti
1568 2789 1720 2814 favorevoli
1740 2788 1843 2812 furono
1858 2794 1923 2819 ²0²5
1945 2795 1958 2811 e
1977 2788 2102 2812 contrari
2122 2793 2164 2818 30.
2184 2785 2227 2811 Cf.

1338 2833 1358 2856 il
1379 2832 1500 2856 Decreto
1519 2831 1564 2855 del
1580 2831 1688 2863 Popolo
1708 2831 1737 2854 di
1756 2831 1858 2854 Parma
1877 2830 1921 2854 col
1941 2830 2020 2860 quale
2040 2836 2128 2853 venne
2142 2828 2228 2852 eietto

1337 2882 1353 2898 a
1373 2875 1485 2905 signore
1504 2873 1531 2896 di
1554 2873 1631 2897 detta
1655 2871 1727 2896 cittii
1746 2873 1767 2896 il
1785 2872 1925 2896 marchese
1954 2872 2056 2896 Obizzo
2077 2870 2103 2893 d’
2112 2871 2178 2894 Este
2196 2870 2226 2893 in

1340 2916 1509 2944 Munxrom,
1528 2914 1591 2938 Ant.
1610 2913 1679 2941 Est„
1698 2913 1733 2943 11,
1755 2919 1813 2944 105.

2265 546 2281 577 υἱ

2249 807 2286 837 10

2251 1065 2287 1096 15

2249 1328 2290 1358 20

2249 1587 2289 1617 25

2249 1851 2291 1881 30

2249 2108 2289 2141 35

2255 2829 2286 2855 ²5
