<?xml version="1.0" encoding="UTF-8"?>
<!DOCTYPE html PUBLIC "-//W3C//DTD XHTML 1.0 Transitional//EN"
    "http://www.w3.org/TR/xhtml1/DTD/xhtml1-transitional.dtd">
<html xmlns="http://www.w3.org/1999/xhtml" xml:lang="en" lang="en">
 <head>
  <title>
</title>
<meta http-equiv="Content-Type" content="text/html;charset=utf-8" />
  <meta name='ocr-system' content='tesseract 3.04.00' />
  <meta name='ocr-capabilities' content='ocr_page ocr_carea ocr_par ocr_line ocrx_word'/>
</head>
<body>
  <div class='ocr_page' id='page_1' title='image "./p3f2rerumitalica15murauoft_0051.png"; bbox 0 0 2360 3603; ppageno 0'>
   <div class='ocr_carea' id='block_1_1' title="bbox 43 868 80 898">
    <p class='ocr_par' dir='ltr' id='par_1_1' title="bbox 43 868 80 898">
     <span class='ocr_line' id='line_1_1' title="bbox 43 868 80 898; baseline 0 0"><span class='ocrx_word' id='word_1_1' title='bbox 43 868 80 898; x_wconf 88' lang='lat'>10</span> 
     </span>
    </p>
   </div>
   <div class='ocr_carea' id='block_1_2' title="bbox 45 1129 80 1162">
    <p class='ocr_par' dir='ltr' id='par_1_2' title="bbox 45 1129 80 1162">
     <span class='ocr_line' id='line_1_2' title="bbox 45 1129 80 1162; baseline 0 0"><span class='ocrx_word' id='word_1_2' title='bbox 45 1129 80 1162; x_wconf 85' lang='lat'>15</span> 
     </span>
    </p>
   </div>
   <div class='ocr_carea' id='block_1_3' title="bbox 41 1397 82 1428">
    <p class='ocr_par' dir='ltr' id='par_1_3' title="bbox 41 1397 82 1428">
     <span class='ocr_line' id='line_1_3' title="bbox 41 1397 82 1428; baseline 0.024 -1"><span class='ocrx_word' id='word_1_3' title='bbox 41 1397 82 1428; x_wconf 85' lang='lat'>20</span> 
     </span>
    </p>
   </div>
   <div class='ocr_carea' id='block_1_4' title="bbox 44 1658 84 1690">
    <p class='ocr_par' dir='ltr' id='par_1_4' title="bbox 44 1658 84 1690">
     <span class='ocr_line' id='line_1_4' title="bbox 44 1658 84 1690; baseline 0 0"><span class='ocrx_word' id='word_1_4' title='bbox 44 1658 84 1690; x_wconf 88' lang='lat'>25</span> 
     </span>
    </p>
   </div>
   <div class='ocr_carea' id='block_1_5' title="bbox 59 2451 89 2468">
    <p class='ocr_par' dir='ltr' id='par_1_5' title="bbox 59 2451 89 2468">
     <span class='ocr_line' id='line_1_5' title="bbox 59 2451 89 2468; baseline -0.033 0"><span class='ocrx_word' id='word_1_5' title='bbox 59 2451 89 2468; x_wconf 87' lang='lat'>10</span> 
     </span>
    </p>
   </div>
   <div class='ocr_carea' id='block_1_6' title="bbox 61 2659 89 2684">
    <p class='ocr_par' dir='ltr' id='par_1_6' title="bbox 61 2659 89 2684">
     <span class='ocr_line' id='line_1_6' title="bbox 61 2659 89 2684; baseline 0 0"><span class='ocrx_word' id='word_1_6' title='bbox 61 2659 89 2684; x_wconf 75' lang='grc' dir='ltr'>ις</span> 
     </span>
    </p>
   </div>
   <div class='ocr_carea' id='block_1_7' title="bbox 61 2868 94 2885">
    <p class='ocr_par' dir='ltr' id='par_1_7' title="bbox 61 2868 94 2885">
     <span class='ocr_line' id='line_1_7' title="bbox 61 2868 94 2885; baseline 0 0"><span class='ocrx_word' id='word_1_7' title='bbox 61 2868 94 2885; x_wconf 85' lang='lat'>20</span> 
     </span>
    </p>
   </div>
   <div class='ocr_carea' id='block_1_8' title="bbox 729 226 1298 263">
    <p class='ocr_par' dir='ltr' id='par_1_8' title="bbox 729 226 1298 263">
     <span class='ocr_line' id='line_1_8' title="bbox 729 226 1298 263; baseline -0.005 0"><span class='ocrx_word' id='word_1_8' title='bbox 729 227 1035 263; x_wconf 91' lang='lat' dir='ltr'>CHRONICON</span> <span class='ocrx_word' id='word_1_9' title='bbox 1065 226 1233 261; x_wconf 82' lang='lat' dir='ltr'>ESTEN</span> <span class='ocrx_word' id='word_1_10' title='bbox 1240 227 1298 261; x_wconf 88' lang='lat' dir='ltr'>SE</span> 
     </span>
    </p>
   </div>
   <div class='ocr_carea' id='block_1_9' title="bbox 102 237 263 273">
    <p class='ocr_par' dir='ltr' id='par_1_9' title="bbox 102 237 263 273">
     <span class='ocr_line' id='line_1_9' title="bbox 102 237 263 273; baseline 0 -10"><span class='ocrx_word' id='word_1_11' title='bbox 102 237 151 273; x_wconf 84' lang='lat' dir='ltr'>[A.</span> <span class='ocrx_word' id='word_1_12' title='bbox 172 238 263 269; x_wconf 82' lang='lat'>13451</span> 
     </span>
    </p>
   </div>
   <div class='ocr_carea' id='block_1_10' title="bbox 189 359 882 560">
    <p class='ocr_par' dir='ltr' id='par_1_10' title="bbox 190 359 770 445">
     <span class='ocr_line' id='line_1_10' title="bbox 190 359 770 406; baseline -0.003 -14"><span class='ocrx_word' id='word_1_13' title='bbox 190 360 392 406; x_wconf 58' lang='lat' dir='ltr'>‚Cancarella</span> <span class='ocrx_word' id='word_1_14' title='bbox 414 370 509 392; x_wconf 91' lang='lat' dir='ltr'>soror</span> <span class='ocrx_word' id='word_1_15' title='bbox 533 360 632 391; x_wconf 87' lang='lat' dir='ltr'>dame</span> <span class='ocrx_word' id='word_1_16' title='bbox 656 359 770 404; x_wconf 53' lang='lat' dir='ltr'>(jance</span> 
     </span>
     <span class='ocr_line' id='line_1_11' title="bbox 191 412 549 445; baseline 0 -1"><span class='ocrx_word' id='word_1_17' title='bbox 191 414 315 445; x_wconf 89' lang='lat' dir='ltr'>Comes</span> <span class='ocrx_word' id='word_1_18' title='bbox 339 412 549 444; x_wconf 89' lang='lat' dir='ltr'>Marchonus</span> 
     </span>
    </p>

    <p class='ocr_par' dir='ltr' id='par_1_11' title="bbox 189 463 882 560">
     <span class='ocr_line' id='line_1_12' title="bbox 189 463 882 508; baseline -0.006 -11"><span class='ocrx_word' id='word_1_19' title='bbox 189 465 380 497; x_wconf 83' lang='lat' dir='ltr'>Carafellus</span> <span class='ocrx_word' id='word_1_20' title='bbox 404 466 577 508; x_wconf 88' lang='lat' dir='ltr'>quondam</span> <span class='ocrx_word' id='word_1_21' title='bbox 602 464 731 496; x_wconf 91' lang='lat' dir='ltr'>domini</span> <span class='ocrx_word' id='word_1_22' title='bbox 759 463 882 496; x_wconf 86' lang='lat' dir='ltr'>Caraffi</span> 
     </span>
     <span class='ocr_line' id='line_1_13' title="bbox 190 516 876 560; baseline -0.004 -11"><span class='ocrx_word' id='word_1_23' title='bbox 190 518 354 550; x_wconf 84' lang='lat' dir='ltr'>Dominus</span> <span class='ocrx_word' id='word_1_24' title='bbox 377 518 602 560; x_wconf 88' lang='lat' dir='ltr'>Raymondus</span> <span class='ocrx_word' id='word_1_25' title='bbox 627 518 670 548; x_wconf 89' lang='lat' dir='ltr'>de</span> <span class='ocrx_word' id='word_1_26' title='bbox 694 516 841 558; x_wconf 84' lang='lat' dir='ltr'>Neapoli</span> <span class='ocrx_word' id='word_1_27' title='bbox 858 516 876 547; x_wconf 93' lang='lat'>¹.</span> 
     </span>
    </p>
   </div>
   <div class='ocr_carea' id='block_1_11' title="bbox 102 603 1937 1913">
    <p class='ocr_par' dir='ltr' id='par_1_12' title="bbox 102 603 1937 1913">
     <span class='ocr_line' id='line_1_14' title="bbox 191 603 1929 646; baseline 0 -12"><span class='ocrx_word' id='word_1_28' title='bbox 191 603 262 641; x_wconf 89' lang='lat' dir='ltr'>Qui</span> <span class='ocrx_word' id='word_1_29' title='bbox 286 614 404 636; x_wconf 88' lang='lat' dir='ltr'>omnes</span> <span class='ocrx_word' id='word_1_30' title='bbox 426 603 594 646; x_wconf 82' lang='lat' dir='ltr'>predicti²</span> <span class='ocrx_word' id='word_1_31' title='bbox 618 614 686 634; x_wconf 89' lang='lat' dir='ltr'>non</span> <span class='ocrx_word' id='word_1_32' title='bbox 710 609 868 644; x_wconf 84' lang='lat' dir='ltr'>poterant</span> <span class='ocrx_word' id='word_1_33' title='bbox 894 603 1096 635; x_wconf 85' lang='lat' dir='ltr'>concordari</span> <span class='ocrx_word' id='word_1_34' title='bbox 1114 603 1247 634; x_wconf 86' lang='lat' dir='ltr'>insimul</span> <span class='ocrx_word' id='word_1_35' title='bbox 1265 603 1400 645; x_wconf 88' lang='lat' dir='ltr'>qualem</span> <span class='ocrx_word' id='word_1_36' title='bbox 1416 608 1560 635; x_wconf 90' lang='lat' dir='ltr'>mortem</span> <span class='ocrx_word' id='word_1_37' title='bbox 1583 605 1654 635; x_wconf 85' lang='lat' dir='ltr'>fieri</span> <span class='ocrx_word' id='word_1_38' title='bbox 1671 604 1829 635; x_wconf 81' lang='lat' dir='ltr'>facerent</span> <span class='ocrx_word' id='word_1_39' title='bbox 1851 613 1929 644; x_wconf 90' lang='lat' dir='ltr'>pre-</span> 
     </span>
     <span class='ocr_line' id='line_1_15' title="bbox 102 648 1930 699; baseline -0.001 -11"><span class='ocrx_word' id='word_1_40' title='bbox 102 657 193 688; x_wconf 91' lang='lat' dir='ltr'>dicto</span> <span class='ocrx_word' id='word_1_41' title='bbox 217 657 301 699; x_wconf 84' lang='lat' dir='ltr'>regi,</span> <span class='ocrx_word' id='word_1_42' title='bbox 326 657 506 688; x_wconf 90' lang='lat' dir='ltr'>commodo</span> <span class='ocrx_word' id='word_1_43' title='bbox 530 657 583 688; x_wconf 91' lang='lat' dir='ltr'>vel</span> <span class='ocrx_word' id='word_1_44' title='bbox 607 657 675 695; x_wconf 83' lang='lat' dir='ltr'>ubi,</span> <span class='ocrx_word' id='word_1_45' title='bbox 700 663 743 694; x_wconf 89' lang='lat' dir='ltr'>et,</span> <span class='ocrx_word' id='word_1_46' title='bbox 767 662 803 687; x_wconf 88' lang='lat' dir='ltr'>ut</span> <span class='ocrx_word' id='word_1_47' title='bbox 826 656 894 688; x_wconf 86' lang='lat' dir='ltr'>tale</span> <span class='ocrx_word' id='word_1_48' title='bbox 919 657 1190 687; x_wconf 86' lang='lat' dir='ltr'>ordinamentum</span> <span class='ocrx_word' id='word_1_49' title='bbox 1213 656 1348 687; x_wconf 85' lang='lat' dir='ltr'>omnino</span> <span class='ocrx_word' id='word_1_50' title='bbox 1373 656 1567 688; x_wconf 80' lang='lat' dir='ltr'>executioni</span> <span class='ocrx_word' id='word_1_51' title='bbox 1591 648 1817 693; x_wconf 82' lang='lat' dir='ltr'>mandaretur,</span> <span class='ocrx_word' id='word_1_52' title='bbox 1841 655 1930 687; x_wconf 89' lang='lat' dir='ltr'>ordi-</span> 
     </span>
     <span class='ocr_line' id='line_1_16' title="bbox 104 708 1930 752; baseline -0.001 -12"><span class='ocrx_word' id='word_1_53' title='bbox 104 715 271 740; x_wconf 87' lang='lat' dir='ltr'>naverunt</span> <span class='ocrx_word' id='word_1_54' title='bbox 293 710 378 741; x_wconf 90' lang='lat' dir='ltr'>inter</span> <span class='ocrx_word' id='word_1_55' title='bbox 401 720 459 741; x_wconf 91' lang='lat' dir='ltr'>eos</span> <span class='ocrx_word' id='word_1_56' title='bbox 486 710 534 742; x_wconf 86' lang='lat' dir='ltr'>ire</span> <span class='ocrx_word' id='word_1_57' title='bbox 558 710 602 741; x_wconf 90' lang='lat' dir='ltr'>ad</span> <span class='ocrx_word' id='word_1_58' title='bbox 633 708 805 752; x_wconf 87' lang='lat' dir='ltr'>quoddam</span> <span class='ocrx_word' id='word_1_59' title='bbox 830 715 975 740; x_wconf 83' lang='lat' dir='ltr'>castrum</span> <span class='ocrx_word' id='word_1_60' title='bbox 1007 719 1109 749; x_wconf 91' lang='lat' dir='ltr'>supra</span> <span class='ocrx_word' id='word_1_61' title='bbox 1139 719 1241 744; x_wconf 86' lang='lat' dir='ltr'>mare,</span> <span class='ocrx_word' id='word_1_62' title='bbox 1266 708 1380 751; x_wconf 86' lang='lat' dir='ltr'>ibique</span> <span class='ocrx_word' id='word_1_63' title='bbox 1413 708 1545 749; x_wconf 89' lang='lat' dir='ltr'>penitus</span> <span class='ocrx_word' id='word_1_64' title='bbox 1569 709 1758 740; x_wconf 86' lang='lat' dir='ltr'>deliberare</span> <span class='ocrx_word' id='word_1_65' title='bbox 1789 714 1930 739; x_wconf 89' lang='lat' dir='ltr'>mortem</span> 
     </span>
     <span class='ocr_line' id='line_1_17' title="bbox 102 761 1931 805; baseline -0.002 -12"><span class='ocrx_word' id='word_1_66' title='bbox 102 763 250 804; x_wconf 82' lang='lat' dir='ltr'>predicti</span> <span class='ocrx_word' id='word_1_67' title='bbox 281 763 381 805; x_wconf 82' lang='lat' dir='ltr'>regis,</span> <span class='ocrx_word' id='word_1_68' title='bbox 413 773 480 805; x_wconf 91' lang='lat' dir='ltr'>que</span> <span class='ocrx_word' id='word_1_69' title='bbox 512 763 624 794; x_wconf 88' lang='lat' dir='ltr'>omnia</span> <span class='ocrx_word' id='word_1_70' title='bbox 647 762 773 793; x_wconf 85' lang='lat' dir='ltr'>fiebant</span> <span class='ocrx_word' id='word_1_71' title='bbox 805 773 847 793; x_wconf 81' lang='lat' dir='ltr'>ex</span> <span class='ocrx_word' id='word_1_72' title='bbox 878 762 1076 802; x_wconf 85' lang='lat' dir='ltr'>volunptate</span> <span class='ocrx_word' id='word_1_73' title='bbox 1100 761 1291 792; x_wconf 87' lang='lat' dir='ltr'>meretricis</span> <span class='ocrx_word' id='word_1_74' title='bbox 1313 761 1429 792; x_wconf 68' lang='lat' dir='ltr'>uxoris</span> <span class='ocrx_word' id='word_1_75' title='bbox 1461 762 1543 793; x_wconf 87' lang='lat' dir='ltr'>dicti</span> <span class='ocrx_word' id='word_1_76' title='bbox 1567 763 1667 805; x_wconf 85' lang='lat' dir='ltr'>regis.</span> <span class='ocrx_word' id='word_1_77' title='bbox 1714 761 1784 798; x_wconf 87' lang='lat' dir='ltr'>Qui</span> <span class='ocrx_word' id='word_1_78' title='bbox 1814 770 1931 792; x_wconf 87' lang='lat' dir='ltr'>omnes</span> 
     </span>
     <span class='ocr_line' id='line_1_18' title="bbox 104 813 1932 857; baseline -0.002 -11"><span class='ocrx_word' id='word_1_79' title='bbox 104 814 195 846; x_wconf 87' lang='lat' dir='ltr'>dicte</span> <span class='ocrx_word' id='word_1_80' title='bbox 219 815 338 857; x_wconf 79' lang='lat' dir='ltr'>regine</span> <span class='ocrx_word' id='word_1_81' title='bbox 361 821 585 846; x_wconf 87' lang='lat' dir='ltr'>narraverunt</span> <span class='ocrx_word' id='word_1_82' title='bbox 608 814 700 857; x_wconf 91' lang='lat' dir='ltr'>quod</span> <span class='ocrx_word' id='word_1_83' title='bbox 723 815 788 846; x_wconf 90' lang='lat' dir='ltr'>hoc</span> <span class='ocrx_word' id='word_1_84' title='bbox 812 824 880 845; x_wconf 83' lang='lat' dir='ltr'>non</span> <span class='ocrx_word' id='word_1_85' title='bbox 904 820 1037 855; x_wconf 87' lang='lat' dir='ltr'>poterat</span> <span class='ocrx_word' id='word_1_86' title='bbox 1061 814 1132 845; x_wconf 86' lang='lat' dir='ltr'>fieri</span> <span class='ocrx_word' id='word_1_87' title='bbox 1157 814 1191 845; x_wconf 93' lang='lat' dir='ltr'>in</span> <span class='ocrx_word' id='word_1_88' title='bbox 1216 813 1355 845; x_wconf 88' lang='lat' dir='ltr'>civitate</span> <span class='ocrx_word' id='word_1_89' title='bbox 1388 813 1548 854; x_wconf 84' lang='lat' dir='ltr'>Neapoli,</span> <span class='ocrx_word' id='word_1_90' title='bbox 1572 815 1729 856; x_wconf 85' lang='lat' dir='ltr'>quoniam</span> <span class='ocrx_word' id='word_1_91' title='bbox 1758 813 1805 845; x_wconf 92' lang='lat' dir='ltr'>ibi</span> <span class='ocrx_word' id='word_1_92' title='bbox 1835 819 1932 845; x_wconf 87' lang='lat' dir='ltr'>erant</span> 
     </span>
     <span class='ocr_line' id='line_1_19' title="bbox 104 865 1930 908; baseline -0.001 -11"><span class='ocrx_word' id='word_1_93' title='bbox 104 867 200 898; x_wconf 88' lang='lat' dir='ltr'>multi</span> <span class='ocrx_word' id='word_1_94' title='bbox 223 867 268 899; x_wconf 87' lang='lat' dir='ltr'>ad</span> <span class='ocrx_word' id='word_1_95' title='bbox 290 868 395 908; x_wconf 90' lang='lat' dir='ltr'>ipsius</span> <span class='ocrx_word' id='word_1_96' title='bbox 412 867 610 904; x_wconf 84' lang='lat' dir='ltr'>custodiam,</span> <span class='ocrx_word' id='word_1_97' title='bbox 626 868 705 898; x_wconf 91' lang='lat' dir='ltr'>ideo</span> <span class='ocrx_word' id='word_1_98' title='bbox 724 866 884 898; x_wconf 89' lang='lat' dir='ltr'>volebant</span> <span class='ocrx_word' id='word_1_99' title='bbox 899 866 1006 907; x_wconf 86' lang='lat' dir='ltr'>ipsam</span> <span class='ocrx_word' id='word_1_100' title='bbox 1022 867 1071 897; x_wconf 92' lang='lat' dir='ltr'>ire</span> <span class='ocrx_word' id='word_1_101' title='bbox 1089 866 1258 897; x_wconf 87' lang='lat' dir='ltr'>civitatem</span> <span class='ocrx_word' id='word_1_102' title='bbox 1275 865 1431 897; x_wconf 88' lang='lat' dir='ltr'>Adverse</span> <span class='ocrx_word' id='word_1_103' title='bbox 1444 865 1454 881; x_wconf 78' lang='lat'>³</span> <span class='ocrx_word' id='word_1_104' title='bbox 1472 867 1515 897; x_wconf 88' lang='lat' dir='ltr'>ad</span> <span class='ocrx_word' id='word_1_105' title='bbox 1532 866 1710 904; x_wconf 87' lang='lat' dir='ltr'>sollatium,</span> <span class='ocrx_word' id='word_1_106' title='bbox 1727 866 1808 908; x_wconf 87' lang='lat' dir='ltr'>quia</span> <span class='ocrx_word' id='word_1_107' title='bbox 1823 866 1857 896; x_wconf 89' lang='lat' dir='ltr'>in</span> <span class='ocrx_word' id='word_1_108' title='bbox 1873 865 1930 896; x_wconf 91' lang='lat' dir='ltr'>illo</span> 
     </span>
     <span class='ocr_line' id='line_1_20' title="bbox 102 918 1932 962; baseline -0.002 -11"><span class='ocrx_word' id='word_1_109' title='bbox 102 920 181 951; x_wconf 89' lang='lat' dir='ltr'>loco</span> <span class='ocrx_word' id='word_1_110' title='bbox 205 920 300 951; x_wconf 83' lang='lat' dir='ltr'>fieret</span> <span class='ocrx_word' id='word_1_111' title='bbox 322 921 430 962; x_wconf 86' lang='lat' dir='ltr'>magis</span> <span class='ocrx_word' id='word_1_112' title='bbox 447 926 545 951; x_wconf 89' lang='lat' dir='ltr'>caute</span> <span class='ocrx_word' id='word_1_113' title='bbox 568 920 644 951; x_wconf 88' lang='lat' dir='ltr'>hoc.</span> <span class='ocrx_word' id='word_1_114' title='bbox 690 920 791 951; x_wconf 91' lang='lat' dir='ltr'>Tunc</span> <span class='ocrx_word' id='word_1_115' title='bbox 807 919 964 960; x_wconf 87' lang='lat' dir='ltr'>predicta</span> <span class='ocrx_word' id='word_1_116' title='bbox 987 919 1145 950; x_wconf 80' lang='lat' dir='ltr'>meretrix</span> <span class='ocrx_word' id='word_1_117' title='bbox 1162 919 1273 949; x_wconf 85' lang='lat' dir='ltr'>taliter</span> <span class='ocrx_word' id='word_1_118' title='bbox 1297 918 1466 950; x_wconf 85' lang='lat' dir='ltr'>ordinavit</span> <span class='ocrx_word' id='word_1_119' title='bbox 1483 928 1560 949; x_wconf 90' lang='lat' dir='ltr'>cum</span> <span class='ocrx_word' id='word_1_120' title='bbox 1584 919 1740 960; x_wconf 88' lang='lat' dir='ltr'>predicto</span> <span class='ocrx_word' id='word_1_121' title='bbox 1756 929 1835 960; x_wconf 85' lang='lat' dir='ltr'>rege</span> <span class='ocrx_word' id='word_1_122' title='bbox 1860 919 1932 949; x_wconf 90' lang='lat' dir='ltr'>eius</span> 
     </span>
     <span class='ocr_line' id='line_1_21' title="bbox 104 971 1931 1014; baseline -0.002 -10"><span class='ocrx_word' id='word_1_123' title='bbox 104 973 177 1004; x_wconf 82' lang='lat' dir='ltr'>viro</span> <span class='ocrx_word' id='word_1_124' title='bbox 201 974 293 1014; x_wconf 92' lang='lat' dir='ltr'>quod</span> <span class='ocrx_word' id='word_1_125' title='bbox 310 973 352 1005; x_wconf 92' lang='lat' dir='ltr'>de</span> <span class='ocrx_word' id='word_1_126' title='bbox 369 983 483 1005; x_wconf 88' lang='lat' dir='ltr'>mense</span> <span class='ocrx_word' id='word_1_127' title='bbox 507 973 712 1014; x_wconf 84' lang='lat' dir='ltr'>septembris</span> <span class='ocrx_word' id='word_1_128' title='bbox 733 973 868 1004; x_wconf 84' lang='lat' dir='ltr'>iverunt</span> <span class='ocrx_word' id='word_1_129' title='bbox 891 973 935 1003; x_wconf 92' lang='lat' dir='ltr'>ad</span> <span class='ocrx_word' id='word_1_130' title='bbox 959 972 1089 1004; x_wconf 90' lang='lat' dir='ltr'>dictum</span> <span class='ocrx_word' id='word_1_131' title='bbox 1114 972 1235 1010; x_wconf 89' lang='lat' dir='ltr'>locum,</span> <span class='ocrx_word' id='word_1_132' title='bbox 1260 978 1293 1003; x_wconf 89' lang='lat' dir='ltr'>et</span> <span class='ocrx_word' id='word_1_133' title='bbox 1317 982 1393 1003; x_wconf 91' lang='lat' dir='ltr'>cum</span> <span class='ocrx_word' id='word_1_134' title='bbox 1418 972 1465 1003; x_wconf 89' lang='lat' dir='ltr'>eis</span> <span class='ocrx_word' id='word_1_135' title='bbox 1481 972 1615 1003; x_wconf 88' lang='lat' dir='ltr'>iverunt</span> <span class='ocrx_word' id='word_1_136' title='bbox 1630 972 1776 1013; x_wconf 89' lang='lat' dir='ltr'>predicti</span> <span class='ocrx_word' id='word_1_137' title='bbox 1794 971 1931 1012; x_wconf 92' lang='lat' dir='ltr'>prodic-</span> 
     </span>
     <span class='ocr_line' id='line_1_22' title="bbox 105 1024 1932 1067; baseline -0.001 -10"><span class='ocrx_word' id='word_1_138' title='bbox 105 1032 205 1057; x_wconf 87' lang='lat' dir='ltr'>tores.</span> <span class='ocrx_word' id='word_1_139' title='bbox 250 1026 350 1057; x_wconf 90' lang='lat' dir='ltr'>Tunc</span> <span class='ocrx_word' id='word_1_140' title='bbox 382 1026 564 1057; x_wconf 78' lang='lat' dir='ltr'>existentes</span> <span class='ocrx_word' id='word_1_141' title='bbox 594 1025 630 1056; x_wconf 82' lang='lat' dir='ltr'>in</span> <span class='ocrx_word' id='word_1_142' title='bbox 660 1025 788 1066; x_wconf 88' lang='lat' dir='ltr'>palatio</span> <span class='ocrx_word' id='word_1_143' title='bbox 812 1025 928 1067; x_wconf 80' lang='lat' dir='ltr'>regis⁴</span> <span class='ocrx_word' id='word_1_144' title='bbox 958 1026 1202 1057; x_wconf 90' lang='lat' dir='ltr'>ordinaverunt</span> <span class='ocrx_word' id='word_1_145' title='bbox 1229 1035 1305 1056; x_wconf 93' lang='lat' dir='ltr'>cum</span> <span class='ocrx_word' id='word_1_146' title='bbox 1337 1025 1542 1066; x_wconf 85' lang='lat' dir='ltr'>supradictis</span> <span class='ocrx_word' id='word_1_147' title='bbox 1568 1025 1699 1056; x_wconf 90' lang='lat' dir='ltr'>duobus</span> <span class='ocrx_word' id='word_1_148' title='bbox 1730 1024 1932 1061; x_wconf 85' lang='lat' dir='ltr'>camerariis,</span> 
     </span>
     <span class='ocr_line' id='line_1_23' title="bbox 105 1077 1932 1120; baseline -0.001 -11"><span class='ocrx_word' id='word_1_149' title='bbox 105 1079 197 1120; x_wconf 90' lang='lat' dir='ltr'>quod</span> <span class='ocrx_word' id='word_1_150' title='bbox 227 1079 277 1110; x_wconf 87' lang='lat' dir='ltr'>eis</span> <span class='ocrx_word' id='word_1_151' title='bbox 302 1079 449 1110; x_wconf 90' lang='lat' dir='ltr'>hostium</span> <span class='ocrx_word' id='word_1_152' title='bbox 481 1087 615 1110; x_wconf 87' lang='lat' dir='ltr'>camere</span> <span class='ocrx_word' id='word_1_153' title='bbox 647 1078 792 1119; x_wconf 87' lang='lat' dir='ltr'>aperiret</span> <span class='ocrx_word' id='word_1_154' title='bbox 816 1078 900 1109; x_wconf 89' lang='lat' dir='ltr'>dicti</span> <span class='ocrx_word' id='word_1_155' title='bbox 923 1078 1025 1120; x_wconf 87' lang='lat' dir='ltr'>regis,</span> <span class='ocrx_word' id='word_1_156' title='bbox 1051 1078 1188 1119; x_wconf 88' lang='lat' dir='ltr'>quando</span> <span class='ocrx_word' id='word_1_157' title='bbox 1212 1077 1315 1109; x_wconf 88' lang='lat' dir='ltr'>vellet</span> <span class='ocrx_word' id='word_1_158' title='bbox 1338 1077 1467 1108; x_wconf 82' lang='lat' dir='ltr'>intrare</span> <span class='ocrx_word' id='word_1_159' title='bbox 1484 1077 1694 1114; x_wconf 89' lang='lat' dir='ltr'>cubiculum;</span> <span class='ocrx_word' id='word_1_160' title='bbox 1721 1084 1753 1110; x_wconf 87' lang='lat' dir='ltr'>et</span> <span class='ocrx_word' id='word_1_161' title='bbox 1776 1077 1932 1108; x_wconf 86' lang='lat' dir='ltr'>omnibus</span> 
     </span>
     <span class='ocr_line' id='line_1_24' title="bbox 106 1130 1931 1173; baseline -0.001 -12"><span class='ocrx_word' id='word_1_162' title='bbox 106 1132 178 1162; x_wconf 82' lang='lat' dir='ltr'>istis</span> <span class='ocrx_word' id='word_1_163' title='bbox 203 1131 435 1163; x_wconf 82' lang='lat' dir='ltr'>consentiebat</span> <span class='ocrx_word' id='word_1_164' title='bbox 458 1131 614 1173; x_wconf 85' lang='lat' dir='ltr'>predicta</span> <span class='ocrx_word' id='word_1_165' title='bbox 637 1130 812 1167; x_wconf 81' lang='lat' dir='ltr'>meretrix;</span> <span class='ocrx_word' id='word_1_166' title='bbox 838 1136 872 1162; x_wconf 88' lang='lat' dir='ltr'>et</span> <span class='ocrx_word' id='word_1_167' title='bbox 895 1131 982 1161; x_wconf 88' lang='lat' dir='ltr'>sicut</span> <span class='ocrx_word' id='word_1_168' title='bbox 1006 1130 1257 1168; x_wconf 79' lang='lat' dir='ltr'>ordinaverant,</span> <span class='ocrx_word' id='word_1_169' title='bbox 1281 1130 1437 1161; x_wconf 81' lang='lat' dir='ltr'>fecerunt</span> <span class='ocrx_word' id='word_1_170' title='bbox 1471 1136 1502 1161; x_wconf 93' lang='lat' dir='ltr'>et</span> <span class='ocrx_word' id='word_1_171' title='bbox 1529 1131 1739 1161; x_wconf 84' lang='lat' dir='ltr'>intraverunt</span> <span class='ocrx_word' id='word_1_172' title='bbox 1764 1139 1931 1161; x_wconf 83' lang='lat' dir='ltr'>cameram</span> 
     </span>
     <span class='ocr_line' id='line_1_25' title="bbox 105 1182 1932 1226; baseline -0.002 -10"><span class='ocrx_word' id='word_1_173' title='bbox 105 1185 185 1223; x_wconf 90' lang='lat' dir='ltr'>eius,</span> <span class='ocrx_word' id='word_1_174' title='bbox 209 1185 343 1216; x_wconf 87' lang='lat' dir='ltr'>scilicet</span> <span class='ocrx_word' id='word_1_175' title='bbox 358 1185 507 1217; x_wconf 85' lang='lat' dir='ltr'>Beltram</span> <span class='ocrx_word' id='word_1_176' title='bbox 532 1184 618 1215; x_wconf 87' lang='lat' dir='ltr'>filius</span> <span class='ocrx_word' id='word_1_177' title='bbox 635 1184 750 1216; x_wconf 89' lang='lat' dir='ltr'>Caroli</span> <span class='ocrx_word' id='word_1_178' title='bbox 773 1183 908 1215; x_wconf 81' lang='lat' dir='ltr'>Artuxii</span> <span class='ocrx_word' id='word_1_179' title='bbox 933 1190 966 1215; x_wconf 89' lang='lat' dir='ltr'>et</span> <span class='ocrx_word' id='word_1_180' title='bbox 991 1194 1105 1215; x_wconf 89' lang='lat' dir='ltr'>comes</span> <span class='ocrx_word' id='word_1_181' title='bbox 1128 1183 1353 1226; x_wconf 77' lang='lat' dir='ltr'>Trelicianus,</span> <span class='ocrx_word' id='word_1_182' title='bbox 1378 1182 1500 1224; x_wconf 89' lang='lat' dir='ltr'>quibus</span> <span class='ocrx_word' id='word_1_183' title='bbox 1523 1183 1762 1215; x_wconf 86' lang='lat' dir='ltr'>commiserant</span> <span class='ocrx_word' id='word_1_184' title='bbox 1789 1189 1932 1214; x_wconf 90' lang='lat' dir='ltr'>mortem</span> 
     </span>
     <span class='ocr_line' id='line_1_26' title="bbox 106 1235 1935 1279; baseline -0.001 -11"><span class='ocrx_word' id='word_1_185' title='bbox 106 1237 191 1269; x_wconf 84' lang='lat' dir='ltr'>dicti</span> <span class='ocrx_word' id='word_1_186' title='bbox 215 1237 313 1279; x_wconf 80' lang='lat' dir='ltr'>regis.</span> <span class='ocrx_word' id='word_1_187' title='bbox 362 1236 431 1274; x_wconf 88' lang='lat' dir='ltr'>Qui</span> <span class='ocrx_word' id='word_1_188' title='bbox 454 1237 575 1268; x_wconf 86' lang='lat' dir='ltr'>videns</span> <span class='ocrx_word' id='word_1_189' title='bbox 598 1236 675 1268; x_wconf 91' lang='lat' dir='ltr'>illos</span> <span class='ocrx_word' id='word_1_190' title='bbox 698 1236 732 1267; x_wconf 90' lang='lat' dir='ltr'>in</span> <span class='ocrx_word' id='word_1_191' title='bbox 757 1247 891 1267; x_wconf 85' lang='lat' dir='ltr'>camera</span> <span class='ocrx_word' id='word_1_192' title='bbox 915 1246 984 1270; x_wconf 77' lang='lat' dir='ltr'>sua,</span> <span class='ocrx_word' id='word_1_193' title='bbox 1009 1236 1068 1267; x_wconf 87' lang='lat' dir='ltr'>ivit</span> <span class='ocrx_word' id='word_1_194' title='bbox 1092 1235 1227 1267; x_wconf 87' lang='lat' dir='ltr'>obviam</span> <span class='ocrx_word' id='word_1_195' title='bbox 1253 1236 1318 1271; x_wconf 87' lang='lat' dir='ltr'>eis;</span> <span class='ocrx_word' id='word_1_196' title='bbox 1344 1236 1400 1277; x_wconf 88' lang='lat' dir='ltr'>qui</span> <span class='ocrx_word' id='word_1_197' title='bbox 1424 1236 1572 1267; x_wconf 87' lang='lat' dir='ltr'>Beltram</span> <span class='ocrx_word' id='word_1_198' title='bbox 1605 1236 1698 1276; x_wconf 84' lang='lat' dir='ltr'>cepit</span> <span class='ocrx_word' id='word_1_199' title='bbox 1728 1245 1843 1278; x_wconf 84' lang='lat' dir='ltr'>regem</span> <span class='ocrx_word' id='word_1_200' title='bbox 1874 1245 1935 1276; x_wconf 88' lang='lat' dir='ltr'>per</span> 
     </span>
     <span class='ocr_line' id='line_1_27' title="bbox 108 1288 1933 1331; baseline -0.001 -10"><span class='ocrx_word' id='word_1_201' title='bbox 108 1290 259 1331; x_wconf 85' lang='lat' dir='ltr'>capillos.</span> <span class='ocrx_word' id='word_1_202' title='bbox 306 1290 384 1321; x_wconf 83' lang='lat' dir='ltr'>Rex</span> <span class='ocrx_word' id='word_1_203' title='bbox 400 1290 539 1321; x_wconf 91' lang='lat' dir='ltr'>volvens</span> <span class='ocrx_word' id='word_1_204' title='bbox 562 1300 597 1321; x_wconf 88' lang='lat' dir='ltr'>se</span> <span class='ocrx_word' id='word_1_205' title='bbox 615 1295 716 1327; x_wconf 87' lang='lat' dir='ltr'>retro,</span> <span class='ocrx_word' id='word_1_206' title='bbox 742 1289 842 1320; x_wconf 84' lang='lat' dir='ltr'>dixit:</span> <span class='ocrx_word' id='word_1_207' title='bbox 868 1289 921 1320; x_wconf 71' lang='lat' dir='ltr'>lzz&#39;c</span> <span class='ocrx_word' id='word_1_208' title='bbox 937 1294 984 1320; x_wconf 83' lang='lat' dir='ltr'>cst</span> <span class='ocrx_word' id='word_1_209' title='bbox 1007 1289 1119 1331; x_wconf 76' lang='lat' dir='ltr'>turpis</span> <span class='ocrx_word' id='word_1_210' title='bbox 1143 1289 1246 1319; x_wconf 73' lang='lat' dir='ltr'>ludas.</span> <span class='ocrx_word' id='word_1_211' title='bbox 1293 1289 1393 1319; x_wconf 87' lang='lat' dir='ltr'>Tunc</span> <span class='ocrx_word' id='word_1_212' title='bbox 1418 1289 1567 1320; x_wconf 72' lang='lat' dir='ltr'>Beltmm</span> <span class='ocrx_word' id='word_1_213' title='bbox 1590 1289 1708 1320; x_wconf 84' lang='lat' dir='ltr'>volens</span> <span class='ocrx_word' id='word_1_214' title='bbox 1724 1289 1831 1329; x_wconf 84' lang='lat' dir='ltr'>ipsum</span> <span class='ocrx_word' id='word_1_215' title='bbox 1857 1288 1933 1319; x_wconf 87' lang='lat' dir='ltr'>cadi</span> 
     </span>
     <span class='ocr_line' id='line_1_28' title="bbox 106 1341 1934 1384; baseline -0.001 -10"><span class='ocrx_word' id='word_1_216' title='bbox 106 1344 223 1374; x_wconf 84' lang='lat' dir='ltr'>facere</span> <span class='ocrx_word' id='word_1_217' title='bbox 249 1344 282 1374; x_wconf 87' lang='lat' dir='ltr'>in</span> <span class='ocrx_word' id='word_1_218' title='bbox 306 1350 439 1381; x_wconf 87' lang='lat' dir='ltr'>terram,</span> <span class='ocrx_word' id='word_1_219' title='bbox 465 1343 541 1374; x_wconf 78' lang='lat' dir='ltr'>Rex</span> <span class='ocrx_word' id='word_1_220' title='bbox 565 1343 657 1384; x_wconf 87' lang='lat' dir='ltr'>cepit</span> <span class='ocrx_word' id='word_1_221' title='bbox 680 1353 815 1374; x_wconf 90' lang='lat' dir='ltr'>manum</span> <span class='ocrx_word' id='word_1_222' title='bbox 838 1342 926 1373; x_wconf 84' lang='lat' dir='ltr'>illius</span> <span class='ocrx_word' id='word_1_223' title='bbox 953 1352 1029 1373; x_wconf 88' lang='lat' dir='ltr'>cum</span> <span class='ocrx_word' id='word_1_224' title='bbox 1053 1342 1222 1379; x_wconf 86' lang='lat' dir='ltr'>dentibus,</span> <span class='ocrx_word' id='word_1_225' title='bbox 1248 1342 1305 1384; x_wconf 87' lang='lat' dir='ltr'>qui</span> <span class='ocrx_word' id='word_1_226' title='bbox 1329 1353 1511 1383; x_wconf 88' lang='lat' dir='ltr'>numquam</span> <span class='ocrx_word' id='word_1_227' title='bbox 1544 1341 1677 1373; x_wconf 82' lang='lat' dir='ltr'>dimixit</span> <span class='ocrx_word' id='word_1_228' title='bbox 1701 1352 1788 1380; x_wconf 90' lang='lat' dir='ltr'>eum,</span> <span class='ocrx_word' id='word_1_229' title='bbox 1822 1341 1934 1373; x_wconf 91' lang='lat' dir='ltr'>donec</span> 
     </span>
     <span class='ocr_line' id='line_1_29' title="bbox 105 1394 1937 1438; baseline -0.001 -11"><span class='ocrx_word' id='word_1_230' title='bbox 105 1396 276 1427; x_wconf 82' lang='lat' dir='ltr'>truncavit</span> <span class='ocrx_word' id='word_1_231' title='bbox 311 1402 415 1427; x_wconf 84' lang='lat' dir='ltr'>totam</span> <span class='ocrx_word' id='word_1_232' title='bbox 447 1402 577 1437; x_wconf 89' lang='lat' dir='ltr'>partem</span> <span class='ocrx_word' id='word_1_233' title='bbox 608 1406 725 1426; x_wconf 84' lang='lat' dir='ltr'>manus</span> <span class='ocrx_word' id='word_1_234' title='bbox 756 1406 857 1438; x_wconf 86' lang='lat' dir='ltr'>quam</span> <span class='ocrx_word' id='word_1_235' title='bbox 890 1395 1047 1426; x_wconf 85' lang='lat' dir='ltr'>dentibus</span> <span class='ocrx_word' id='word_1_236' title='bbox 1083 1401 1232 1436; x_wconf 80' lang='lat' dir='ltr'>ceperat.</span> <span class='ocrx_word' id='word_1_237' title='bbox 1279 1395 1378 1426; x_wconf 90' lang='lat' dir='ltr'>Tunc</span> <span class='ocrx_word' id='word_1_238' title='bbox 1414 1395 1538 1426; x_wconf 87' lang='lat' dir='ltr'>Comes</span> <span class='ocrx_word' id='word_1_239' title='bbox 1572 1395 1748 1436; x_wconf 88' lang='lat' dir='ltr'>predictus</span> <span class='ocrx_word' id='word_1_240' title='bbox 1785 1394 1937 1426; x_wconf 87' lang='lat' dir='ltr'>advolvit</span> 
     </span>
     <span class='ocr_line' id='line_1_30' title="bbox 106 1447 1934 1491; baseline -0.001 -12"><span class='ocrx_word' id='word_1_241' title='bbox 106 1449 285 1490; x_wconf 88' lang='lat' dir='ltr'>quemdam</span> <span class='ocrx_word' id='word_1_242' title='bbox 312 1449 469 1490; x_wconf 90' lang='lat' dir='ltr'>laqueum</span> <span class='ocrx_word' id='word_1_243' title='bbox 492 1449 570 1491; x_wconf 82' lang='lat' dir='ltr'>gule</span> <span class='ocrx_word' id='word_1_244' title='bbox 594 1448 694 1490; x_wconf 79' lang='lat' dir='ltr'>regis,</span> <span class='ocrx_word' id='word_1_245' title='bbox 720 1447 778 1489; x_wconf 90' lang='lat' dir='ltr'>qui</span> <span class='ocrx_word' id='word_1_246' title='bbox 803 1448 891 1479; x_wconf 81' lang='lat' dir='ltr'>inter</span> <span class='ocrx_word' id='word_1_247' title='bbox 908 1447 1025 1479; x_wconf 87' lang='lat' dir='ltr'>ambos</span> <span class='ocrx_word' id='word_1_248' title='bbox 1047 1458 1123 1479; x_wconf 87' lang='lat' dir='ltr'>cum</span> <span class='ocrx_word' id='word_1_249' title='bbox 1149 1448 1239 1479; x_wconf 88' lang='lat' dir='ltr'>dicto</span> <span class='ocrx_word' id='word_1_250' title='bbox 1258 1447 1379 1488; x_wconf 86' lang='lat' dir='ltr'>laqueo</span> <span class='ocrx_word' id='word_1_251' title='bbox 1404 1447 1515 1478; x_wconf 88' lang='lat' dir='ltr'>taliter</span> <span class='ocrx_word' id='word_1_252' title='bbox 1532 1447 1743 1478; x_wconf 89' lang='lat' dir='ltr'>conabantur</span> <span class='ocrx_word' id='word_1_253' title='bbox 1766 1447 1934 1484; x_wconf 88' lang='lat' dir='ltr'>occidere,</span> 
     </span>
     <span class='ocr_line' id='line_1_31' title="bbox 106 1500 1937 1543; baseline -0.002 -10"><span class='ocrx_word' id='word_1_254' title='bbox 106 1502 196 1543; x_wconf 86' lang='lat' dir='ltr'>quod</span> <span class='ocrx_word' id='word_1_255' title='bbox 229 1501 263 1532; x_wconf 89' lang='lat' dir='ltr'>in</span> <span class='ocrx_word' id='word_1_256' title='bbox 294 1501 361 1532; x_wconf 89' lang='lat' dir='ltr'>fine</span> <span class='ocrx_word' id='word_1_257' title='bbox 392 1500 662 1532; x_wconf 79' lang='lat' dir='ltr'>subfocaverunt</span> <span class='ocrx_word' id='word_1_258' title='bbox 694 1511 780 1538; x_wconf 88' lang='lat' dir='ltr'>eum,</span> <span class='ocrx_word' id='word_1_259' title='bbox 812 1507 845 1531; x_wconf 91' lang='lat' dir='ltr'>et</span> <span class='ocrx_word' id='word_1_260' title='bbox 876 1501 987 1532; x_wconf 85' lang='lat' dir='ltr'>taliter</span> <span class='ocrx_word' id='word_1_261' title='bbox 1018 1507 1167 1531; x_wconf 84' lang='lat' dir='ltr'>mortuus</span> <span class='ocrx_word' id='word_1_262' title='bbox 1199 1506 1260 1531; x_wconf 88' lang='lat' dir='ltr'>est.</span> <span class='ocrx_word' id='word_1_263' title='bbox 1307 1500 1452 1538; x_wconf 83' lang='lat' dir='ltr'>Deinde,</span> <span class='ocrx_word' id='word_1_264' title='bbox 1476 1501 1542 1531; x_wconf 92' lang='lat' dir='ltr'>hoc</span> <span class='ocrx_word' id='word_1_265' title='bbox 1570 1500 1676 1537; x_wconf 80' lang='lat' dir='ltr'>facto,</span> <span class='ocrx_word' id='word_1_266' title='bbox 1702 1500 1937 1541; x_wconf 84' lang='lat' dir='ltr'>cogitaverunt</span> 
     </span>
     <span class='ocr_line' id='line_1_32' title="bbox 106 1551 1933 1595; baseline -0.002 -10"><span class='ocrx_word' id='word_1_267' title='bbox 106 1554 213 1595; x_wconf 87' lang='lat' dir='ltr'>ipsum</span> <span class='ocrx_word' id='word_1_268' title='bbox 245 1553 410 1595; x_wconf 84' lang='lat' dir='ltr'>sepelliri&#39;</span> <span class='ocrx_word' id='word_1_269' title='bbox 443 1554 477 1584; x_wconf 88' lang='lat' dir='ltr'>in</span> <span class='ocrx_word' id='word_1_270' title='bbox 505 1554 652 1594; x_wconf 85' lang='lat' dir='ltr'>quodam</span> <span class='ocrx_word' id='word_1_271' title='bbox 683 1553 826 1591; x_wconf 87' lang='lat' dir='ltr'>stabulo,</span> <span class='ocrx_word' id='word_1_272' title='bbox 859 1559 893 1584; x_wconf 88' lang='lat' dir='ltr'>et</span> <span class='ocrx_word' id='word_1_273' title='bbox 924 1553 1074 1584; x_wconf 82' lang='lat' dir='ltr'>ferentes</span> <span class='ocrx_word' id='word_1_274' title='bbox 1106 1563 1230 1594; x_wconf 88' lang='lat' dir='ltr'>corpus</span> <span class='ocrx_word' id='word_1_275' title='bbox 1263 1552 1334 1584; x_wconf 89' lang='lat' dir='ltr'>eius</span> <span class='ocrx_word' id='word_1_276' title='bbox 1366 1553 1456 1583; x_wconf 78' lang='lat' dir='ltr'>infra</span> <span class='ocrx_word' id='word_1_277' title='bbox 1488 1562 1549 1594; x_wconf 76' lang='lat' dir='ltr'>pei·</span> <span class='ocrx_word' id='word_1_278' title='bbox 1580 1553 1698 1589; x_wconf 87' lang='lat' dir='ltr'>scalas,</span> <span class='ocrx_word' id='word_1_279' title='bbox 1730 1553 1836 1583; x_wconf 84' lang='lat' dir='ltr'>visum</span> <span class='ocrx_word' id='word_1_280' title='bbox 1868 1551 1933 1583; x_wconf 77' lang='lat' dir='ltr'>fuit</span> 
     </span>
     <span class='ocr_line' id='line_1_33' title="bbox 108 1605 1937 1648; baseline -0.001 -11"><span class='ocrx_word' id='word_1_281' title='bbox 108 1606 156 1637; x_wconf 91' lang='lat' dir='ltr'>eis</span> <span class='ocrx_word' id='word_1_282' title='bbox 179 1607 295 1638; x_wconf 89' lang='lat' dir='ltr'>audire</span> <span class='ocrx_word' id='word_1_283' title='bbox 319 1612 437 1648; x_wconf 83' lang='lat' dir='ltr'>gentes</span> <span class='ocrx_word' id='word_1_284' title='bbox 460 1612 645 1648; x_wconf 85' lang='lat' dir='ltr'>equestres,</span> <span class='ocrx_word' id='word_1_285' title='bbox 669 1616 773 1647; x_wconf 83' lang='lat' dir='ltr'>quare</span> <span class='ocrx_word' id='word_1_286' title='bbox 798 1606 981 1636; x_wconf 87' lang='lat' dir='ltr'>timuerunt</span> <span class='ocrx_word' id='word_1_287' title='bbox 1006 1612 1038 1637; x_wconf 90' lang='lat' dir='ltr'>et</span> <span class='ocrx_word' id='word_1_288' title='bbox 1062 1611 1321 1646; x_wconf 81' lang='lat' dir='ltr'>reportaverunt</span> <span class='ocrx_word' id='word_1_289' title='bbox 1345 1611 1434 1636; x_wconf 88' lang='lat' dir='ltr'>retro</span> <span class='ocrx_word' id='word_1_290' title='bbox 1459 1605 1587 1636; x_wconf 86' lang='lat' dir='ltr'>dictum</span> <span class='ocrx_word' id='word_1_291' title='bbox 1613 1615 1735 1646; x_wconf 92' lang='lat' dir='ltr'>corpus</span> <span class='ocrx_word' id='word_1_292' title='bbox 1760 1615 1861 1646; x_wconf 85' lang='lat' dir='ltr'>super</span> <span class='ocrx_word' id='word_1_293' title='bbox 1884 1615 1937 1635; x_wconf 81' lang='lat' dir='ltr'>sa-</span> 
     </span>
     <span class='ocr_line' id='line_1_34' title="bbox 108 1657 1936 1701; baseline -0.001 -12"><span class='ocrx_word' id='word_1_294' title='bbox 108 1659 192 1696; x_wconf 84' lang='lat' dir='ltr'>lam3</span> <span class='ocrx_word' id='word_1_295' title='bbox 219 1665 252 1690; x_wconf 90' lang='lat' dir='ltr'>et</span> <span class='ocrx_word' id='word_1_296' title='bbox 276 1659 472 1701; x_wconf 81' lang='lat' dir='ltr'>cogitabant</span> <span class='ocrx_word' id='word_1_297' title='bbox 495 1659 553 1690; x_wconf 90' lang='lat' dir='ltr'>ubi</span> <span class='ocrx_word' id='word_1_298' title='bbox 576 1664 716 1699; x_wconf 85' lang='lat' dir='ltr'>possent</span> <span class='ocrx_word' id='word_1_299' title='bbox 739 1658 903 1690; x_wconf 87' lang='lat' dir='ltr'>abscondi</span> <span class='ocrx_word' id='word_1_300' title='bbox 927 1658 1055 1689; x_wconf 83' lang='lat' dir='ltr'>dictum</span> <span class='ocrx_word' id='word_1_301' title='bbox 1079 1669 1220 1699; x_wconf 89' lang='lat' dir='ltr'>corpus;</span> <span class='ocrx_word' id='word_1_302' title='bbox 1250 1658 1374 1689; x_wconf 90' lang='lat' dir='ltr'>deinde</span> <span class='ocrx_word' id='word_1_303' title='bbox 1399 1658 1617 1699; x_wconf 88' lang='lat' dir='ltr'>proiecerunt</span> <span class='ocrx_word' id='word_1_304' title='bbox 1641 1668 1716 1689; x_wconf 90' lang='lat' dir='ltr'>eum</span> <span class='ocrx_word' id='word_1_305' title='bbox 1748 1667 1809 1698; x_wconf 90' lang='lat' dir='ltr'>per</span> <span class='ocrx_word' id='word_1_306' title='bbox 1840 1657 1936 1688; x_wconf 73' lang='lat' dir='ltr'>fene-</span> 
     </span>
     <span class='ocr_line' id='line_1_35' title="bbox 108 1709 1935 1753; baseline -0.001 -11"><span class='ocrx_word' id='word_1_307' title='bbox 108 1717 210 1744; x_wconf 86' lang='lat' dir='ltr'>stram</span> <span class='ocrx_word' id='word_1_308' title='bbox 232 1712 268 1742; x_wconf 91' lang='lat' dir='ltr'>in</span> <span class='ocrx_word' id='word_1_309' title='bbox 292 1712 439 1753; x_wconf 88' lang='lat' dir='ltr'>quodam</span> <span class='ocrx_word' id='word_1_310' title='bbox 463 1711 634 1747; x_wconf 79' lang='lat' dir='ltr'>viridario,</span> <span class='ocrx_word' id='word_1_311' title='bbox 660 1718 693 1742; x_wconf 89' lang='lat' dir='ltr'>et</span> <span class='ocrx_word' id='word_1_312' title='bbox 724 1712 858 1742; x_wconf 88' lang='lat' dir='ltr'>iverunt</span> <span class='ocrx_word' id='word_1_313' title='bbox 882 1717 957 1752; x_wconf 90' lang='lat' dir='ltr'>post</span> <span class='ocrx_word' id='word_1_314' title='bbox 980 1712 1043 1742; x_wconf 88' lang='lat' dir='ltr'>hec</span> <span class='ocrx_word' id='word_1_315' title='bbox 1068 1710 1211 1753; x_wconf 88' lang='lat' dir='ltr'>quilibet</span> <span class='ocrx_word' id='word_1_316' title='bbox 1242 1712 1287 1742; x_wconf 89' lang='lat' dir='ltr'>ad</span> <span class='ocrx_word' id='word_1_317' title='bbox 1320 1721 1488 1742; x_wconf 84' lang='lat' dir='ltr'>cameram</span> <span class='ocrx_word' id='word_1_318' title='bbox 1519 1721 1622 1742; x_wconf 89' lang='lat' dir='ltr'>suam.</span> <span class='ocrx_word' id='word_1_319' title='bbox 1669 1711 1768 1742; x_wconf 91' lang='lat' dir='ltr'>Tunc</span> <span class='ocrx_word' id='word_1_320' title='bbox 1800 1709 1935 1742; x_wconf 79' lang='lat' dir='ltr'>nutrix⁵</span> 
     </span>
     <span class='ocr_line' id='line_1_36' title="bbox 108 1763 1935 1807; baseline -0.001 -11"><span class='ocrx_word' id='word_1_321' title='bbox 108 1765 191 1796; x_wconf 91' lang='lat' dir='ltr'>dicti</span> <span class='ocrx_word' id='word_1_322' title='bbox 214 1765 305 1807; x_wconf 80' lang='lat' dir='ltr'>regis</span> <span class='ocrx_word' id='word_1_323' title='bbox 329 1765 463 1802; x_wconf 90' lang='lat' dir='ltr'>mortui,</span> <span class='ocrx_word' id='word_1_324' title='bbox 488 1775 553 1806; x_wconf 89' lang='lat' dir='ltr'>que</span> <span class='ocrx_word' id='word_1_325' title='bbox 578 1775 654 1795; x_wconf 90' lang='lat' dir='ltr'>cum</span> <span class='ocrx_word' id='word_1_326' title='bbox 679 1765 774 1795; x_wconf 90' lang='lat' dir='ltr'>dicto</span> <span class='ocrx_word' id='word_1_327' title='bbox 798 1775 878 1806; x_wconf 77' lang='lat' dir='ltr'>rege</span> <span class='ocrx_word' id='word_1_328' title='bbox 903 1771 1044 1795; x_wconf 88' lang='lat' dir='ltr'>venerat</span> <span class='ocrx_word' id='word_1_329' title='bbox 1067 1765 1111 1795; x_wconf 89' lang='lat' dir='ltr'>de</span> <span class='ocrx_word' id='word_1_330' title='bbox 1135 1764 1298 1806; x_wconf 83' lang='lat' dir='ltr'>Ungaria,</span> <span class='ocrx_word' id='word_1_331' title='bbox 1323 1770 1356 1795; x_wconf 91' lang='lat' dir='ltr'>et</span> <span class='ocrx_word' id='word_1_332' title='bbox 1379 1774 1514 1805; x_wconf 89' lang='lat' dir='ltr'>semper</span> <span class='ocrx_word' id='word_1_333' title='bbox 1541 1770 1698 1804; x_wconf 86' lang='lat' dir='ltr'>suspecta</span> <span class='ocrx_word' id='word_1_334' title='bbox 1722 1763 1868 1795; x_wconf 82' lang='lat' dir='ltr'>existens</span> <span class='ocrx_word' id='word_1_335' title='bbox 1892 1773 1935 1794; x_wconf 88' lang='lat' dir='ltr'>ne</span> 
     </span>
     <span class='ocr_line' id='line_1_37' title="bbox 109 1817 1934 1860; baseline -0.002 -11"><span class='ocrx_word' id='word_1_336' title='bbox 109 1818 237 1860; x_wconf 89' lang='lat' dir='ltr'>aliquid</span> <span class='ocrx_word' id='word_1_337' title='bbox 262 1818 391 1849; x_wconf 76' lang='lat' dir='ltr'>fraudis</span> <span class='ocrx_word' id='word_1_338' title='bbox 415 1817 445 1848; x_wconf 90' lang='lat' dir='ltr'>ei</span> <span class='ocrx_word' id='word_1_339' title='bbox 469 1818 694 1860; x_wconf 84' lang='lat' dir='ltr'>contingeret,</span> <span class='ocrx_word' id='word_1_340' title='bbox 719 1822 860 1858; x_wconf 88' lang='lat' dir='ltr'>propter</span> <span class='ocrx_word' id='word_1_341' title='bbox 883 1817 980 1858; x_wconf 81' lang='lat' dir='ltr'>signa</span> <span class='ocrx_word' id='word_1_342' title='bbox 1005 1817 1165 1848; x_wconf 87' lang='lat' dir='ltr'>Realium</span> <span class='ocrx_word' id='word_1_343' title='bbox 1184 1817 1395 1848; x_wconf 80' lang='lat' dir='ltr'>existentium</span> <span class='ocrx_word' id='word_1_344' title='bbox 1419 1817 1454 1847; x_wconf 90' lang='lat' dir='ltr'>in</span> <span class='ocrx_word' id='word_1_345' title='bbox 1478 1817 1592 1853; x_wconf 86' lang='lat' dir='ltr'>Curia,</span> <span class='ocrx_word' id='word_1_346' title='bbox 1610 1817 1714 1847; x_wconf 87' lang='lat' dir='ltr'>movit</span> <span class='ocrx_word' id='word_1_347' title='bbox 1737 1827 1773 1847; x_wconf 90' lang='lat' dir='ltr'>se</span> <span class='ocrx_word' id='word_1_348' title='bbox 1798 1822 1934 1847; x_wconf 89' lang='lat' dir='ltr'>euntem</span> 
     </span>
     <span class='ocr_line' id='line_1_38' title="bbox 108 1868 1935 1913; baseline -0.002 -11"><span class='ocrx_word' id='word_1_349' title='bbox 108 1869 152 1902; x_wconf 87' lang='lat' dir='ltr'>ad</span> <span class='ocrx_word' id='word_1_350' title='bbox 176 1881 345 1902; x_wconf 82' lang='lat' dir='ltr'>cameram</span> <span class='ocrx_word' id='word_1_351' title='bbox 377 1870 460 1902; x_wconf 89' lang='lat' dir='ltr'>dicti</span> <span class='ocrx_word' id='word_1_352' title='bbox 487 1869 586 1912; x_wconf 82' lang='lat' dir='ltr'>regis,</span> <span class='ocrx_word' id='word_1_353' title='bbox 611 1880 677 1912; x_wconf 89' lang='lat' dir='ltr'>qua</span> <span class='ocrx_word' id='word_1_354' title='bbox 707 1870 835 1901; x_wconf 83' lang='lat' dir='ltr'>intrans</span> <span class='ocrx_word' id='word_1_355' title='bbox 866 1870 952 1901; x_wconf 84' lang='lat' dir='ltr'>vidit</span> <span class='ocrx_word' id='word_1_356' title='bbox 974 1871 1127 1913; x_wconf 81' lang='lat' dir='ltr'>reginam</span> <span class='ocrx_word' id='word_1_357' title='bbox 1159 1869 1371 1900; x_wconf 86' lang='lat' dir='ltr'>meretricem</span> <span class='ocrx_word' id='word_1_358' title='bbox 1402 1868 1585 1900; x_wconf 84' lang='lat' dir='ltr'>seden&#39;tem</span> <span class='ocrx_word' id='word_1_359' title='bbox 1609 1869 1701 1910; x_wconf 86' lang='lat' dir='ltr'>apud</span> <span class='ocrx_word' id='word_1_360' title='bbox 1724 1869 1861 1906; x_wconf 90' lang='lat' dir='ltr'>lectum,</span> <span class='ocrx_word' id='word_1_361' title='bbox 1885 1874 1935 1899; x_wconf 91' lang='lat' dir='ltr'>set</span> 
     </span>
    </p>
   </div>
   <div class='ocr_carea' id='block_1_12' title="bbox 110 2007 1939 2124">
    <p class='ocr_par' dir='ltr' id='par_1_13' title="bbox 110 2007 1939 2124">
     <span class='ocr_line' id='line_1_39' title="bbox 196 2007 1936 2041; baseline -0.001 -9"><span class='ocrx_word' id='word_1_362' title='bbox 196 2008 221 2033; x_wconf 92' lang='lat'>6.</span> <span class='ocrx_word' id='word_1_363' title='bbox 241 2009 380 2041; x_wconf 89' lang='lat' dir='ltr'>quomodo</span> <span class='ocrx_word' id='word_1_364' title='bbox 400 2009 477 2033; x_wconf 70' lang='lat' dir='ltr'>Mun.</span> <span class='ocrx_word' id='word_1_365' title='bbox 497 2021 508 2026; x_wconf 96' lang='lat'>-</span> <span class='ocrx_word' id='word_1_366' title='bbox 527 2007 717 2039; x_wconf 74' lang='lat' dir='ltr'>mandaretur]</span> <span class='ocrx_word' id='word_1_367' title='bbox 739 2008 903 2032; x_wconf 82' lang='lat' dir='ltr'>mandarent</span> <span class='ocrx_word' id='word_1_368' title='bbox 921 2008 1032 2032; x_wconf 70' lang='lat' dir='ltr'>BMUR.</span> <span class='ocrx_word' id='word_1_369' title='bbox 1048 2021 1078 2024; x_wconf 97' lang='lat'><strong>—</strong></span> <span class='ocrx_word' id='word_1_370' title='bbox 1095 2013 1117 2038; x_wconf 81' lang='lat'>7.</span> <span class='ocrx_word' id='word_1_371' title='bbox 1131 2015 1214 2040; x_wconf 86' lang='lat' dir='ltr'>super</span> <span class='ocrx_word' id='word_1_372' title='bbox 1227 2008 1304 2032; x_wconf 68' lang='lat' dir='ltr'>Mun.</span> <span class='ocrx_word' id='word_1_373' title='bbox 1328 2022 1351 2024; x_wconf 33' lang='grc' dir='ltr'>νὴ</span> <span class='ocrx_word' id='word_1_374' title='bbox 1366 2014 1407 2031; x_wconf 80' lang='lat'>21.</span> <span class='ocrx_word' id='word_1_375' title='bbox 1421 2007 1543 2031; x_wconf 67' lang='lat' dir='ltr'>occidere</span> <span class='ocrx_word' id='word_1_376' title='bbox 1557 2015 1614 2038; x_wconf 72' lang='lat' dir='ltr'>agg.</span> <span class='ocrx_word' id='word_1_377' title='bbox 1630 2008 1658 2030; x_wconf 83' lang='lat' dir='ltr'>in</span> <span class='ocrx_word' id='word_1_378' title='bbox 1672 2007 1707 2034; x_wconf 89' lang='grc' dir='ltr'>Α,</span> <span class='ocrx_word' id='word_1_379' title='bbox 1721 2007 1936 2034; x_wconf 74' lang='lat' dir='ltr'>nell‘z&#39;nterllneo,</span> 
     </span>
     <span class='ocr_line' id='line_1_40' title="bbox 110 2049 1939 2081; baseline -0.001 -8"><span class='ocrx_word' id='word_1_380' title='bbox 110 2051 140 2073; x_wconf 78' lang='lat' dir='ltr'>di</span> <span class='ocrx_word' id='word_1_381' title='bbox 155 2053 280 2073; x_wconf 78' lang='lat' dir='ltr'>carattere</span> <span class='ocrx_word' id='word_1_382' title='bbox 300 2051 399 2074; x_wconf 78' lang='lat' dir='ltr'>minuto</span> <span class='ocrx_word' id='word_1_383' title='bbox 411 2049 485 2079; x_wconf 81' lang='lat' dir='ltr'>forse</span> <span class='ocrx_word' id='word_1_384' title='bbox 505 2050 573 2073; x_wconf 76' lang='lat' dir='ltr'>della</span> <span class='ocrx_word' id='word_1_385' title='bbox 591 2052 670 2073; x_wconf 67' lang='lat' dir='ltr'>stes-sa</span> <span class='ocrx_word' id='word_1_386' title='bbox 690 2058 763 2073; x_wconf 81' lang='lat' dir='ltr'>mano</span> <span class='ocrx_word' id='word_1_387' title='bbox 784 2064 815 2067; x_wconf 90' lang='lat'><strong>—</strong></span> <span class='ocrx_word' id='word_1_388' title='bbox 837 2057 878 2081; x_wconf 84' lang='lat'>23.</span> <span class='ocrx_word' id='word_1_389' title='bbox 891 2051 1016 2080; x_wconf 77' lang='lat' dir='ltr'>sepellire</span> <span class='ocrx_word' id='word_1_390' title='bbox 1034 2057 1098 2073; x_wconf 86' lang='lat' dir='ltr'>corr.</span> <span class='ocrx_word' id='word_1_391' title='bbox 1120 2050 1195 2074; x_wconf 72' lang='lat' dir='ltr'>Mun.</span> <span class='ocrx_word' id='word_1_392' title='bbox 1216 2062 1227 2067; x_wconf 93' lang='lat'>-</span> <span class='ocrx_word' id='word_1_393' title='bbox 1245 2050 1354 2073; x_wconf 84' lang='lat' dir='ltr'>stabulo</span> <span class='ocrx_word' id='word_1_394' title='bbox 1373 2050 1460 2072; x_wconf 78' lang='lat' dir='ltr'>scritto</span> <span class='ocrx_word' id='word_1_395' title='bbox 1470 2050 1679 2079; x_wconf 71' lang='lat' dir='ltr'>posteriormente</span> <span class='ocrx_word' id='word_1_396' title='bbox 1698 2050 1726 2072; x_wconf 82' lang='grc' dir='ltr'>ιἰι</span> <span class='ocrx_word' id='word_1_397' title='bbox 1740 2050 1763 2072; x_wconf 82' lang='grc' dir='ltr'><em>Α</em></span> <span class='ocrx_word' id='word_1_398' title='bbox 1782 2049 1850 2072; x_wconf 78' lang='lat' dir='ltr'>dallo</span> <span class='ocrx_word' id='word_1_399' title='bbox 1864 2052 1939 2072; x_wconf 73' lang='lat' dir='ltr'>stesso</span> 
     </span>
     <span class='ocr_line' id='line_1_41' title="bbox 111 2090 1862 2124; baseline -0.001 -9"><span class='ocrx_word' id='word_1_400' title='bbox 111 2093 206 2124; x_wconf 79' lang='lat' dir='ltr'>copista</span> <span class='ocrx_word' id='word_1_401' title='bbox 220 2095 270 2122; x_wconf 82' lang='lat' dir='ltr'>per</span> <span class='ocrx_word' id='word_1_402' title='bbox 288 2093 410 2123; x_wconf 77' lang='lat' dir='ltr'>riempire</span> <span class='ocrx_word' id='word_1_403' title='bbox 430 2092 522 2115; x_wconf 78' lang='lat' dir='ltr'>lacuna</span> <span class='ocrx_word' id='word_1_404' title='bbox 543 2105 575 2110; x_wconf 86' lang='lat'>—-</span> <span class='ocrx_word' id='word_1_405' title='bbox 595 2096 636 2122; x_wconf 75' lang='lat'>35.</span> <span class='ocrx_word' id='word_1_406' title='bbox 655 2092 824 2116; x_wconf 81' lang='lat' dir='ltr'>abscondere</span> <span class='ocrx_word' id='word_1_407' title='bbox 844 2100 908 2115; x_wconf 87' lang='lat' dir='ltr'>corr.</span> <span class='ocrx_word' id='word_1_408' title='bbox 930 2092 1006 2116; x_wconf 76' lang='lat' dir='ltr'>Mun.</span> <span class='ocrx_word' id='word_1_409' title='bbox 1027 2105 1058 2109; x_wconf 88' lang='lat'>—-</span> <span class='ocrx_word' id='word_1_410' title='bbox 1080 2092 1120 2115; x_wconf 85' lang='lat'>28.</span> <span class='ocrx_word' id='word_1_411' title='bbox 1139 2091 1262 2122; x_wconf 84' lang='lat' dir='ltr'>euntem]</span> <span class='ocrx_word' id='word_1_412' title='bbox 1282 2091 1372 2115; x_wconf 77' lang='lat' dir='ltr'>eundo</span> <span class='ocrx_word' id='word_1_413' title='bbox 1391 2092 1469 2115; x_wconf 79' lang='lat' dir='ltr'>MUR.</span> <span class='ocrx_word' id='word_1_414' title='bbox 1488 2104 1520 2108; x_wconf 92' lang='lat'>——-</span> <span class='ocrx_word' id='word_1_415' title='bbox 1540 2097 1582 2122; x_wconf 82' lang='lat'>29.</span> <span class='ocrx_word' id='word_1_416' title='bbox 1601 2090 1665 2122; x_wconf 88' lang='lat' dir='ltr'>qua]</span> <span class='ocrx_word' id='word_1_417' title='bbox 1685 2098 1765 2122; x_wconf 84' lang='lat' dir='ltr'>quam</span> <span class='ocrx_word' id='word_1_418' title='bbox 1785 2091 1862 2115; x_wconf 72' lang='lat' dir='ltr'>Mun.</span> 
     </span>
    </p>
   </div>
   <div class='ocr_carea' id='block_1_13' title="bbox 113 2191 999 2308">
    <p class='ocr_par' dir='ltr' id='par_1_14' title="bbox 113 2191 999 2308">
     <span class='ocr_line' id='line_1_42' title="bbox 200 2191 994 2223; baseline -0.004 -6"><span class='ocrx_word' id='word_1_419' title='bbox 200 2191 206 2207; x_wconf 84' lang='lat'>¹</span> <span class='ocrx_word' id='word_1_420' title='bbox 228 2192 377 2217; x_wconf 84' lang='lat' dir='ltr'>Chiamato</span> <span class='ocrx_word' id='word_1_421' title='bbox 397 2192 443 2217; x_wconf 83' lang='lat' dir='ltr'>dal</span> <span class='ocrx_word' id='word_1_422' title='bbox 464 2193 589 2217; x_wconf 83' lang='lat' dir='ltr'>Gravina</span> <span class='ocrx_word' id='word_1_423' title='bbox 604 2191 712 2223; x_wconf 75' lang='lat' dir='ltr'>(Chron.</span> <span class='ocrx_word' id='word_1_424' title='bbox 734 2193 764 2215; x_wconf 85' lang='lat' dir='ltr'>de</span> <span class='ocrx_word' id='word_1_425' title='bbox 777 2193 852 2215; x_wconf 75' lang='lat' dir='ltr'>rebus</span> <span class='ocrx_word' id='word_1_426' title='bbox 864 2195 922 2219; x_wconf 74' lang='lat' dir='ltr'>etc..</span> <span class='ocrx_word' id='word_1_427' title='bbox 937 2192 994 2215; x_wconf 82' lang='lat' dir='ltr'>RR.</span> 
     </span>
     <span class='ocr_line' id='line_1_43' title="bbox 113 2234 999 2266; baseline -0.001 -8"><span class='ocrx_word' id='word_1_428' title='bbox 113 2235 147 2259; x_wconf 88' lang='lat' dir='ltr'>II.</span> <span class='ocrx_word' id='word_1_429' title='bbox 167 2235 229 2262; x_wconf 86' lang='lat' dir='ltr'>SS.,</span> <span class='ocrx_word' id='word_1_430' title='bbox 249 2242 342 2258; x_wconf 82' lang='lat' dir='ltr'>nuova</span> <span class='ocrx_word' id='word_1_431' title='bbox 367 2235 447 2263; x_wconf 78' lang='lat' dir='ltr'>ediz„</span> <span class='ocrx_word' id='word_1_432' title='bbox 467 2242 493 2265; x_wconf 90' lang='lat' dir='ltr'>p.</span> <span class='ocrx_word' id='word_1_433' title='bbox 514 2234 558 2266; x_wconf 81' lang='lat'>21)</span> <span class='ocrx_word' id='word_1_434' title='bbox 578 2234 738 2258; x_wconf 86' lang='lat' dir='ltr'>Raimondo</span> <span class='ocrx_word' id='word_1_435' title='bbox 759 2234 794 2258; x_wconf 87' lang='lat' dir='ltr'>da</span> <span class='ocrx_word' id='word_1_436' title='bbox 813 2234 942 2264; x_wconf 81' lang='lat' dir='ltr'>Catania,</span> <span class='ocrx_word' id='word_1_437' title='bbox 962 2235 999 2258; x_wconf 85' lang='lat' dir='ltr'>si-</span> 
     </span>
     <span class='ocr_line' id='line_1_44' title="bbox 113 2275 998 2308; baseline -0.001 -8"><span class='ocrx_word' id='word_1_438' title='bbox 113 2277 236 2300; x_wconf 83' lang='lat' dir='ltr'>niscalco</span> <span class='ocrx_word' id='word_1_439' title='bbox 256 2276 328 2300; x_wconf 86' lang='lat' dir='ltr'>della</span> <span class='ocrx_word' id='word_1_440' title='bbox 342 2276 396 2300; x_wconf 85' lang='lat' dir='ltr'>real</span> <span class='ocrx_word' id='word_1_441' title='bbox 415 2276 487 2301; x_wconf 79' lang='lat' dir='ltr'>Casa</span> <span class='ocrx_word' id='word_1_442' title='bbox 506 2283 520 2299; x_wconf 86' lang='lat' dir='ltr'>e</span> <span class='ocrx_word' id='word_1_443' title='bbox 533 2276 661 2308; x_wconf 85' lang='lat' dir='ltr'>capitano</span> <span class='ocrx_word' id='word_1_444' title='bbox 682 2276 810 2307; x_wconf 84' lang='lat' dir='ltr'>generale</span> <span class='ocrx_word' id='word_1_445' title='bbox 825 2284 840 2300; x_wconf 85' lang='lat' dir='ltr'>a</span> <span class='ocrx_word' id='word_1_446' title='bbox 854 2276 913 2300; x_wconf 80' lang='lat' dir='ltr'>vita</span> <span class='ocrx_word' id='word_1_447' title='bbox 926 2275 998 2299; x_wconf 79' lang='lat' dir='ltr'>della</span> 
     </span>
    </p>
   </div>
   <div class='ocr_carea' id='block_1_14' title="bbox 1047 2190 1937 2306">
    <p class='ocr_par' dir='ltr' id='par_1_15' title="bbox 1047 2190 1937 2306">
     <span class='ocr_line' id='line_1_45' title="bbox 1047 2190 1926 2223; baseline 0 -8"><span class='ocrx_word' id='word_1_448' title='bbox 1047 2192 1085 2223; x_wconf 79' lang='lat' dir='ltr'>gli</span> <span class='ocrx_word' id='word_1_449' title='bbox 1099 2191 1165 2215; x_wconf 77' lang='lat' dir='ltr'>altri</span> <span class='ocrx_word' id='word_1_450' title='bbox 1184 2192 1313 2220; x_wconf 81' lang='lat' dir='ltr'>cronisti,</span> <span class='ocrx_word' id='word_1_451' title='bbox 1334 2192 1353 2215; x_wconf 93' lang='lat' dir='ltr'>il</span> <span class='ocrx_word' id='word_1_452' title='bbox 1373 2191 1425 2215; x_wconf 88' lang='lat' dir='ltr'>Dei</span> <span class='ocrx_word' id='word_1_453' title='bbox 1447 2190 1537 2221; x_wconf 84' lang='lat' dir='ltr'>(Cron.</span> <span class='ocrx_word' id='word_1_454' title='bbox 1558 2191 1633 2218; x_wconf 79' lang='lat' dir='ltr'>San„</span> <span class='ocrx_word' id='word_1_455' title='bbox 1654 2191 1712 2216; x_wconf 84' lang='lat' dir='ltr'>RR.</span> <span class='ocrx_word' id='word_1_456' title='bbox 1732 2191 1766 2215; x_wconf 87' lang='lat' dir='ltr'>II.</span> <span class='ocrx_word' id='word_1_457' title='bbox 1787 2191 1848 2218; x_wconf 82' lang='lat' dir='ltr'>SS.,</span> <span class='ocrx_word' id='word_1_458' title='bbox 1867 2191 1926 2220; x_wconf 86' lang='lat' dir='ltr'>XV,</span> 
     </span>
     <span class='ocr_line' id='line_1_46' title="bbox 1056 2232 1937 2265; baseline -0.001 -8"><span class='ocrx_word' id='word_1_459' title='bbox 1056 2232 1115 2265; x_wconf 82' lang='lat'>¹¹3)</span> <span class='ocrx_word' id='word_1_460' title='bbox 1134 2232 1253 2257; x_wconf 87' lang='lat' dir='ltr'>secondo</span> <span class='ocrx_word' id='word_1_461' title='bbox 1273 2233 1292 2256; x_wconf 88' lang='lat' dir='ltr'>il</span> <span class='ocrx_word' id='word_1_462' title='bbox 1312 2233 1393 2264; x_wconf 88' lang='lat' dir='ltr'>quale</span> <span class='ocrx_word' id='word_1_463' title='bbox 1413 2233 1453 2263; x_wconf 79' lang='lat' dir='ltr'>gli</span> <span class='ocrx_word' id='word_1_464' title='bbox 1472 2233 1605 2256; x_wconf 81' lang='lat' dir='ltr'>assassini</span> <span class='ocrx_word' id='word_1_465' title='bbox 1626 2233 1653 2257; x_wconf 88' lang='lat' dir='ltr'>di</span> <span class='ocrx_word' id='word_1_466' title='bbox 1674 2232 1787 2257; x_wconf 84' lang='lat' dir='ltr'>Andrea</span> <span class='ocrx_word' id='word_1_467' title='bbox 1805 2233 1907 2256; x_wconf 74' lang='lat' dir='ltr'>fut-ono</span> <span class='ocrx_word' id='word_1_468' title='bbox 1927 2233 1937 2256; x_wconf 84' lang='lat' dir='ltr'>i</span> 
     </span>
     <span class='ocr_line' id='line_1_47' title="bbox 1051 2271 1936 2306; baseline -0.002 -7"><span class='ocrx_word' id='word_1_469' title='bbox 1051 2275 1110 2306; x_wconf 78' lang='lat' dir='ltr'>figli</span> <span class='ocrx_word' id='word_1_470' title='bbox 1137 2275 1182 2299; x_wconf 86' lang='lat' dir='ltr'>del</span> <span class='ocrx_word' id='word_1_471' title='bbox 1208 2274 1334 2306; x_wconf 88' lang='lat' dir='ltr'>principe</span> <span class='ocrx_word' id='word_1_472' title='bbox 1354 2274 1382 2297; x_wconf 88' lang='lat' dir='ltr'>di</span> <span class='ocrx_word' id='word_1_473' title='bbox 1404 2275 1526 2298; x_wconf 82' lang='lat' dir='ltr'>Taranto</span> <span class='ocrx_word' id='word_1_474' title='bbox 1546 2281 1559 2297; x_wconf 92' lang='lat' dir='ltr'>e</span> <span class='ocrx_word' id='word_1_475' title='bbox 1580 2271 1724 2297; x_wconf 76' lang='lat' dir='ltr'>l‘Anonz&#39;mz&#39;</span> <span class='ocrx_word' id='word_1_476' title='bbox 1748 2274 1814 2297; x_wconf 75' lang='lat' dir='ltr'>Itali</span> <span class='ocrx_word' id='word_1_477' title='bbox 1838 2275 1936 2298; x_wconf 82' lang='lat' dir='ltr'>Hz&#39;stor.</span> 
     </span>
    </p>
   </div>
   <div class='ocr_carea' id='block_1_15' title="bbox 112 2317 1003 3016">
    <p class='ocr_par' dir='ltr' id='par_1_16' title="bbox 112 2317 690 2348">
     <span class='ocr_line' id='line_1_48' title="bbox 112 2317 690 2348; baseline 0 -6"><span class='ocrx_word' id='word_1_478' title='bbox 112 2318 190 2342; x_wconf 80' lang='lat' dir='ltr'>Valle</span> <span class='ocrx_word' id='word_1_479' title='bbox 210 2318 407 2342; x_wconf 79' lang='lat' dir='ltr'>Beneventana</span> <span class='ocrx_word' id='word_1_480' title='bbox 426 2325 440 2341; x_wconf 89' lang='lat' dir='ltr'>e</span> <span class='ocrx_word' id='word_1_481' title='bbox 459 2318 487 2341; x_wconf 92' lang='lat' dir='ltr'>di</span> <span class='ocrx_word' id='word_1_482' title='bbox 508 2317 690 2348; x_wconf 81' lang='lat' dir='ltr'>Capitanata.</span> 
     </span>
    </p>

    <p class='ocr_par' dir='ltr' id='par_1_17' title="bbox 114 2357 1003 3016">
     <span class='ocr_line' id='line_1_49' title="bbox 200 2357 998 2389; baseline -0.003 -7"><span class='ocrx_word' id='word_1_483' title='bbox 200 2357 211 2373; x_wconf 74' lang='lat'><strong>²</strong></span> <span class='ocrx_word' id='word_1_484' title='bbox 229 2358 251 2382; x_wconf 84' lang='lat'>11</span> <span class='ocrx_word' id='word_1_485' title='bbox 270 2359 394 2382; x_wconf 83' lang='lat' dir='ltr'>Bazzano</span> <span class='ocrx_word' id='word_1_486' title='bbox 414 2359 484 2382; x_wconf 82' lang='lat' dir='ltr'>nella</span> <span class='ocrx_word' id='word_1_487' title='bbox 502 2365 552 2382; x_wconf 82' lang='lat' dir='ltr'>sua</span> <span class='ocrx_word' id='word_1_488' title='bbox 571 2357 698 2382; x_wconf 84' lang='lat' dir='ltr'>Cronaca</span> <span class='ocrx_word' id='word_1_489' title='bbox 718 2358 786 2389; x_wconf 81' lang='lat' dir='ltr'>(RR.</span> <span class='ocrx_word' id='word_1_490' title='bbox 806 2358 841 2382; x_wconf 84' lang='lat' dir='ltr'>II.</span> <span class='ocrx_word' id='word_1_491' title='bbox 862 2358 923 2386; x_wconf 65' lang='lat' dir='ltr'>SS..</span> <span class='ocrx_word' id='word_1_492' title='bbox 940 2357 998 2386; x_wconf 79' lang='lat' dir='ltr'>XV,</span> 
     </span>
     <span class='ocr_line' id='line_1_50' title="bbox 114 2400 999 2432; baseline 0 -8"><span class='ocrx_word' id='word_1_493' title='bbox 114 2408 142 2432; x_wconf 89' lang='lat' dir='ltr'>p.</span> <span class='ocrx_word' id='word_1_494' title='bbox 164 2406 221 2432; x_wconf 87' lang='lat'>142,</span> <span class='ocrx_word' id='word_1_495' title='bbox 240 2407 332 2424; x_wconf 83' lang='lat' dir='ltr'>nuova</span> <span class='ocrx_word' id='word_1_496' title='bbox 351 2400 432 2431; x_wconf 88' lang='lat' dir='ltr'>ediz.)</span> <span class='ocrx_word' id='word_1_497' title='bbox 451 2400 544 2424; x_wconf 85' lang='lat' dir='ltr'>indica</span> <span class='ocrx_word' id='word_1_498' title='bbox 568 2407 644 2424; x_wconf 86' lang='lat' dir='ltr'>corne</span> <span class='ocrx_word' id='word_1_499' title='bbox 668 2400 808 2431; x_wconf 84' lang='lat' dir='ltr'>colpevoli</span> <span class='ocrx_word' id='word_1_500' title='bbox 834 2400 875 2424; x_wconf 88' lang='lat' dir='ltr'>del</span> <span class='ocrx_word' id='word_1_501' title='bbox 897 2401 999 2424; x_wconf 81' lang='lat' dir='ltr'>delitto</span> 
     </span>
     <span class='ocr_line' id='line_1_51' title="bbox 114 2441 998 2473; baseline -0.002 -6"><span class='ocrx_word' id='word_1_502' title='bbox 114 2442 247 2467; x_wconf 81' lang='lat' dir='ltr'>Caterina</span> <span class='ocrx_word' id='word_1_503' title='bbox 266 2442 295 2466; x_wconf 87' lang='lat' dir='ltr'>di</span> <span class='ocrx_word' id='word_1_504' title='bbox 309 2442 407 2465; x_wconf 85' lang='lat' dir='ltr'>Valois</span> <span class='ocrx_word' id='word_1_505' title='bbox 421 2443 530 2466; x_wconf 84' lang='lat' dir='ltr'>vedova</span> <span class='ocrx_word' id='word_1_506' title='bbox 543 2442 571 2465; x_wconf 83' lang='lat' dir='ltr'>di</span> <span class='ocrx_word' id='word_1_507' title='bbox 586 2441 700 2473; x_wconf 85' lang='lat' dir='ltr'>Filippo</span> <span class='ocrx_word' id='word_1_508' title='bbox 714 2442 725 2465; x_wconf 94' lang='lat' dir='ltr'>I</span> <span class='ocrx_word' id='word_1_509' title='bbox 739 2442 767 2465; x_wconf 90' lang='lat' dir='ltr'>di</span> <span class='ocrx_word' id='word_1_510' title='bbox 782 2443 915 2472; x_wconf 81' lang='lat' dir='ltr'>Tarauto,</span> <span class='ocrx_word' id='word_1_511' title='bbox 930 2442 998 2466; x_wconf 88' lang='lat' dir='ltr'>don-</span> 
     </span>
     <span class='ocr_line' id='line_1_52' title="bbox 115 2482 999 2513; baseline -0.001 -5"><span class='ocrx_word' id='word_1_512' title='bbox 115 2492 152 2508; x_wconf 81' lang='lat' dir='ltr'>na</span> <span class='ocrx_word' id='word_1_513' title='bbox 175 2483 282 2513; x_wconf 79' lang='lat' dir='ltr'>Saucia,</span> <span class='ocrx_word' id='word_1_514' title='bbox 308 2482 426 2507; x_wconf 70' lang='lat' dir='ltr'>Niccolo</span> <span class='ocrx_word' id='word_1_515' title='bbox 452 2483 611 2507; x_wconf 82' lang='lat' dir='ltr'>Acciaiuoli</span> <span class='ocrx_word' id='word_1_516' title='bbox 639 2483 666 2506; x_wconf 91' lang='lat' dir='ltr'>di</span> <span class='ocrx_word' id='word_1_517' title='bbox 685 2483 809 2513; x_wconf 85' lang='lat' dir='ltr'>Firenze,</span> <span class='ocrx_word' id='word_1_518' title='bbox 830 2485 849 2507; x_wconf 89' lang='lat' dir='ltr'>il</span> <span class='ocrx_word' id='word_1_519' title='bbox 868 2484 950 2507; x_wconf 73' lang='lat' dir='ltr'>conte</span> <span class='ocrx_word' id='word_1_520' title='bbox 971 2483 999 2507; x_wconf 87' lang='lat' dir='ltr'>di</span> 
     </span>
     <span class='ocr_line' id='line_1_53' title="bbox 117 2524 1001 2554; baseline -0.001 -5"><span class='ocrx_word' id='word_1_521' title='bbox 117 2525 243 2554; x_wconf 73' lang='lat' dir='ltr'>Terlizzt,</span> <span class='ocrx_word' id='word_1_522' title='bbox 263 2525 282 2548; x_wconf 90' lang='lat' dir='ltr'>il</span> <span class='ocrx_word' id='word_1_523' title='bbox 307 2526 388 2549; x_wconf 82' lang='lat' dir='ltr'>conte</span> <span class='ocrx_word' id='word_1_524' title='bbox 407 2524 527 2554; x_wconf 79' lang='lat' dir='ltr'>d&#39;Eboli,</span> <span class='ocrx_word' id='word_1_525' title='bbox 548 2525 674 2550; x_wconf 89' lang='lat' dir='ltr'>Corrado</span> <span class='ocrx_word' id='word_1_526' title='bbox 695 2525 724 2548; x_wconf 88' lang='lat' dir='ltr'>di</span> <span class='ocrx_word' id='word_1_527' title='bbox 744 2524 915 2554; x_wconf 86' lang='lat' dir='ltr'>Catenzano,</span> <span class='ocrx_word' id='word_1_528' title='bbox 935 2524 1001 2548; x_wconf 90' lang='lat' dir='ltr'>Nic-</span> 
     </span>
     <span class='ocr_line' id='line_1_54' title="bbox 116 2564 1000 2597; baseline -0.001 -7"><span class='ocrx_word' id='word_1_529' title='bbox 116 2565 176 2591; x_wconf 77' lang='grc' dir='ltr'>εοὶὸ</span> <span class='ocrx_word' id='word_1_530' title='bbox 190 2567 218 2590; x_wconf 86' lang='lat' dir='ltr'>di</span> <span class='ocrx_word' id='word_1_531' title='bbox 231 2567 310 2596; x_wconf 87' lang='lat' dir='ltr'>Pace,</span> <span class='ocrx_word' id='word_1_532' title='bbox 323 2565 489 2590; x_wconf 83' lang='lat' dir='ltr'>escludendo</span> <span class='ocrx_word' id='word_1_533' title='bbox 504 2567 530 2590; x_wconf 85' lang='lat' dir='ltr'>la</span> <span class='ocrx_word' id='word_1_534' title='bbox 543 2564 706 2597; x_wconf 71' lang='lat' dir='ltr'>complicita</span> <span class='ocrx_word' id='word_1_535' title='bbox 719 2565 792 2590; x_wconf 87' lang='lat' dir='ltr'>della</span> <span class='ocrx_word' id='word_1_536' title='bbox 803 2567 913 2597; x_wconf 57' lang='lat' dir='ltr'>regium</span> <span class='ocrx_word' id='word_1_537' title='bbox 926 2572 1000 2589; x_wconf 86' lang='lat' dir='ltr'>men-</span> 
     </span>
     <span class='ocr_line' id='line_1_55' title="bbox 116 2607 999 2637; baseline -0.001 -5"><span class='ocrx_word' id='word_1_538' title='bbox 116 2610 158 2632; x_wconf 84' lang='lat' dir='ltr'>tre</span> <span class='ocrx_word' id='word_1_539' title='bbox 177 2608 272 2632; x_wconf 83' lang='lat' dir='ltr'>invece</span> <span class='ocrx_word' id='word_1_540' title='bbox 290 2609 315 2632; x_wconf 87' lang='lat' dir='ltr'>le</span> <span class='ocrx_word' id='word_1_541' title='bbox 333 2608 418 2631; x_wconf 82' lang='lat' dir='ltr'>Storz&#39;e</span> <span class='ocrx_word' id='word_1_542' title='bbox 436 2608 565 2632; x_wconf 71' lang='lat' dir='ltr'>Pistoresz·</span> <span class='ocrx_word' id='word_1_543' title='bbox 582 2608 650 2637; x_wconf 88' lang='lat' dir='ltr'>(RR.</span> <span class='ocrx_word' id='word_1_544' title='bbox 671 2607 706 2632; x_wconf 87' lang='lat' dir='ltr'>II.</span> <span class='ocrx_word' id='word_1_545' title='bbox 727 2608 790 2636; x_wconf 72' lang='lat' dir='ltr'>SS..</span> <span class='ocrx_word' id='word_1_546' title='bbox 809 2615 904 2632; x_wconf 84' lang='lat' dir='ltr'>nuova</span> <span class='ocrx_word' id='word_1_547' title='bbox 921 2608 999 2637; x_wconf 85' lang='lat' dir='ltr'>ediz.,</span> 
     </span>
     <span class='ocr_line' id='line_1_56' title="bbox 117 2649 1001 2681; baseline -0.002 -7"><span class='ocrx_word' id='word_1_548' title='bbox 117 2650 163 2680; x_wconf 87' lang='lat' dir='ltr'>XI,</span> <span class='ocrx_word' id='word_1_549' title='bbox 185 2649 310 2681; x_wconf 80' lang='lat'>217-219)</span> <span class='ocrx_word' id='word_1_550' title='bbox 335 2656 467 2674; x_wconf 81' lang='lat' dir='ltr'>accusano</span> <span class='ocrx_word' id='word_1_551' title='bbox 492 2650 518 2674; x_wconf 89' lang='lat' dir='ltr'>la</span> <span class='ocrx_word' id='word_1_552' title='bbox 540 2650 637 2681; x_wconf 83' lang='lat' dir='ltr'>regina</span> <span class='ocrx_word' id='word_1_553' title='bbox 657 2649 813 2679; x_wconf 84' lang='lat' dir='ltr'>medesima,</span> <span class='ocrx_word' id='word_1_554' title='bbox 835 2650 855 2673; x_wconf 86' lang='lat' dir='ltr'>il</span> <span class='ocrx_word' id='word_1_555' title='bbox 873 2650 1001 2681; x_wconf 77' lang='lat' dir='ltr'>prIncipe</span> 
     </span>
     <span class='ocr_line' id='line_1_57' title="bbox 118 2692 1001 2725; baseline -0.002 -7"><span class='ocrx_word' id='word_1_556' title='bbox 118 2694 146 2718; x_wconf 82' lang='lat' dir='ltr'>di</span> <span class='ocrx_word' id='word_1_557' title='bbox 172 2694 296 2717; x_wconf 62' lang='lat' dir='ltr'>Tarento</span> <span class='ocrx_word' id='word_1_558' title='bbox 316 2692 386 2716; x_wconf 88' lang='lat' dir='ltr'>edil</span> <span class='ocrx_word' id='word_1_559' title='bbox 412 2693 483 2717; x_wconf 82' lang='lat' dir='ltr'>duca</span> <span class='ocrx_word' id='word_1_560' title='bbox 507 2692 534 2716; x_wconf 89' lang='lat' dir='ltr'>di</span> <span class='ocrx_word' id='word_1_561' title='bbox 560 2693 686 2717; x_wconf 87' lang='lat' dir='ltr'>Durazzo</span> <span class='ocrx_word' id='word_1_562' title='bbox 711 2700 725 2716; x_wconf 87' lang='lat' dir='ltr'>e</span> <span class='ocrx_word' id='word_1_563' title='bbox 749 2693 758 2716; x_wconf 86' lang='lat' dir='ltr'>i</span> <span class='ocrx_word' id='word_1_564' title='bbox 783 2693 844 2716; x_wconf 74' lang='lat' dir='ltr'>toro</span> <span class='ocrx_word' id='word_1_565' title='bbox 871 2692 1001 2725; x_wconf 83' lang='lat' dir='ltr'>complici</span> 
     </span>
     <span class='ocr_line' id='line_1_58' title="bbox 119 2734 1001 2766; baseline -0.001 -7"><span class='ocrx_word' id='word_1_566' title='bbox 119 2734 200 2759; x_wconf 82' lang='lat' dir='ltr'>Carlo</span> <span class='ocrx_word' id='word_1_567' title='bbox 221 2735 307 2758; x_wconf 81' lang='lat' dir='ltr'>Artus</span> <span class='ocrx_word' id='word_1_568' title='bbox 326 2741 340 2758; x_wconf 91' lang='lat' dir='ltr'>e</span> <span class='ocrx_word' id='word_1_569' title='bbox 359 2741 409 2758; x_wconf 86' lang='lat' dir='ltr'>suo</span> <span class='ocrx_word' id='word_1_570' title='bbox 428 2734 506 2766; x_wconf 89' lang='lat' dir='ltr'>figlio</span> <span class='ocrx_word' id='word_1_571' title='bbox 525 2734 666 2758; x_wconf 83' lang='lat' dir='ltr'>Beltramo</span> <span class='ocrx_word' id='word_1_572' title='bbox 686 2736 768 2758; x_wconf 89' lang='lat' dir='ltr'>conte</span> <span class='ocrx_word' id='word_1_573' title='bbox 787 2734 816 2758; x_wconf 88' lang='lat' dir='ltr'>di</span> <span class='ocrx_word' id='word_1_574' title='bbox 837 2734 960 2763; x_wconf 85' lang='lat' dir='ltr'>Terlizzi,</span> <span class='ocrx_word' id='word_1_575' title='bbox 981 2734 1001 2758; x_wconf 91' lang='lat' dir='ltr'>il</span> 
     </span>
     <span class='ocr_line' id='line_1_59' title="bbox 119 2775 1001 2805; baseline -0.002 -5"><span class='ocrx_word' id='word_1_576' title='bbox 119 2778 200 2800; x_wconf 86' lang='lat' dir='ltr'>conte</span> <span class='ocrx_word' id='word_1_577' title='bbox 214 2776 242 2799; x_wconf 87' lang='lat' dir='ltr'>di</span> <span class='ocrx_word' id='word_1_578' title='bbox 261 2776 408 2804; x_wconf 80' lang='lat' dir='ltr'>Montona,</span> <span class='ocrx_word' id='word_1_579' title='bbox 422 2775 444 2799; x_wconf 76' lang='lat' dir='ltr'>il</span> <span class='ocrx_word' id='word_1_580' title='bbox 456 2777 538 2799; x_wconf 81' lang='lat' dir='ltr'>conte</span> <span class='ocrx_word' id='word_1_581' title='bbox 550 2775 665 2805; x_wconf 82' lang='lat' dir='ltr'>d’Eb01i‚</span> <span class='ocrx_word' id='word_1_582' title='bbox 680 2776 700 2799; x_wconf 91' lang='lat' dir='ltr'>il</span> <span class='ocrx_word' id='word_1_583' title='bbox 715 2777 820 2799; x_wconf 83' lang='lat' dir='ltr'>mastro</span> <span class='ocrx_word' id='word_1_584' title='bbox 839 2775 1001 2804; x_wconf 86' lang='lat' dir='ltr'>Siniscalco,</span> 
     </span>
     <span class='ocr_line' id='line_1_60' title="bbox 119 2815 1001 2848; baseline -0.001 -7"><span class='ocrx_word' id='word_1_585' title='bbox 119 2817 219 2848; x_wconf 82' lang='lat' dir='ltr'>Iacopo</span> <span class='ocrx_word' id='word_1_586' title='bbox 233 2816 306 2841; x_wconf 79' lang='lat' dir='ltr'>della</span> <span class='ocrx_word' id='word_1_587' title='bbox 320 2817 465 2845; x_wconf 63' lang='lat' dir='ltr'>Leonessa„</span> <span class='ocrx_word' id='word_1_588' title='bbox 478 2817 499 2840; x_wconf 89' lang='lat' dir='ltr'>il</span> <span class='ocrx_word' id='word_1_589' title='bbox 513 2815 588 2848; x_wconf 81' lang='lat' dir='ltr'>figlio</span> <span class='ocrx_word' id='word_1_590' title='bbox 601 2816 630 2839; x_wconf 87' lang='lat' dir='ltr'>di</span> <span class='ocrx_word' id='word_1_591' title='bbox 644 2823 746 2840; x_wconf 84' lang='lat' dir='ltr'>messer</span> <span class='ocrx_word' id='word_1_592' title='bbox 758 2817 838 2846; x_wconf 80' lang='lat' dir='ltr'>Pace,</span> <span class='ocrx_word' id='word_1_593' title='bbox 858 2815 1001 2840; x_wconf 78' lang='lat' dir='ltr'>Gorafeno</span> 
     </span>
     <span class='ocr_line' id='line_1_61' title="bbox 120 2857 1003 2889; baseline 0 -7"><span class='ocrx_word' id='word_1_594' title='bbox 120 2859 147 2883; x_wconf 89' lang='lat' dir='ltr'>di</span> <span class='ocrx_word' id='word_1_595' title='bbox 166 2859 205 2883; x_wconf 88' lang='lat' dir='ltr'>M.</span> <span class='ocrx_word' id='word_1_596' title='bbox 224 2858 361 2889; x_wconf 83' lang='lat' dir='ltr'>Gregorio</span> <span class='ocrx_word' id='word_1_597' title='bbox 386 2858 555 2888; x_wconf 66' lang='lat' dir='ltr'>Cuacciolo,</span> <span class='ocrx_word' id='word_1_598' title='bbox 581 2857 707 2882; x_wconf 86' lang='lat' dir='ltr'>Corrado</span> <span class='ocrx_word' id='word_1_599' title='bbox 733 2857 761 2881; x_wconf 88' lang='lat' dir='ltr'>di</span> <span class='ocrx_word' id='word_1_600' title='bbox 781 2858 950 2887; x_wconf 69' lang='lat' dir='ltr'>Catenzano,</span> <span class='ocrx_word' id='word_1_601' title='bbox 977 2858 1003 2882; x_wconf 84' lang='lat' dir='ltr'>la</span> 
     </span>
     <span class='ocr_line' id='line_1_62' title="bbox 121 2899 1003 2930; baseline -0.003 -6"><span class='ocrx_word' id='word_1_602' title='bbox 121 2901 238 2924; x_wconf 72' lang='lat' dir='ltr'>maesti-a</span> <span class='ocrx_word' id='word_1_603' title='bbox 265 2900 335 2924; x_wconf 84' lang='lat' dir='ltr'>della</span> <span class='ocrx_word' id='word_1_604' title='bbox 354 2900 451 2930; x_wconf 73' lang='lat' dir='ltr'>regina.</span> <span class='ocrx_word' id='word_1_605' title='bbox 470 2906 483 2923; x_wconf 84' lang='lat' dir='ltr'>e</span> <span class='ocrx_word' id='word_1_606' title='bbox 502 2899 598 2922; x_wconf 87' lang='lat' dir='ltr'>donna</span> <span class='ocrx_word' id='word_1_607' title='bbox 617 2899 716 2923; x_wconf 81' lang='lat' dir='ltr'>Saucia</span> <span class='ocrx_word' id='word_1_608' title='bbox 735 2900 861 2923; x_wconf 83' lang='lat' dir='ltr'>contessa</span> <span class='ocrx_word' id='word_1_609' title='bbox 881 2899 909 2922; x_wconf 82' lang='lat' dir='ltr'>di</span> <span class='ocrx_word' id='word_1_610' title='bbox 929 2899 1003 2922; x_wconf 88' lang='lat' dir='ltr'>Mor-</span> 
     </span>
     <span class='ocr_line' id='line_1_63' title="bbox 120 2941 1002 2970; baseline 0 -6"><span class='ocrx_word' id='word_1_611' title='bbox 120 2948 198 2966; x_wconf 82' lang='lat' dir='ltr'>rona.</span> <span class='ocrx_word' id='word_1_612' title='bbox 237 2941 322 2965; x_wconf 83' lang='lat' dir='ltr'>Come</span> <span class='ocrx_word' id='word_1_613' title='bbox 341 2942 365 2965; x_wconf 89' lang='lat' dir='ltr'>si</span> <span class='ocrx_word' id='word_1_614' title='bbox 384 2941 461 2970; x_wconf 80' lang='lat' dir='ltr'>vede,</span> <span class='ocrx_word' id='word_1_615' title='bbox 480 2941 490 2964; x_wconf 81' lang='lat' dir='ltr'>i</span> <span class='ocrx_word' id='word_1_616' title='bbox 510 2941 586 2964; x_wconf 88' lang='lat' dir='ltr'>nomi</span> <span class='ocrx_word' id='word_1_617' title='bbox 607 2948 663 2964; x_wconf 87' lang='lat' dir='ltr'>non</span> <span class='ocrx_word' id='word_1_618' title='bbox 683 2941 861 2965; x_wconf 80' lang='lat' dir='ltr'>concor-dano</span> <span class='ocrx_word' id='word_1_619' title='bbox 875 2941 906 2964; x_wconf 91' lang='lat' dir='ltr'>in</span> <span class='ocrx_word' id='word_1_620' title='bbox 926 2941 1002 2964; x_wconf 79' lang='lat' dir='ltr'>tutto</span> 
     </span>
     <span class='ocr_line' id='line_1_64' title="bbox 120 2982 1003 3016; baseline -0.002 -8"><span class='ocrx_word' id='word_1_621' title='bbox 120 2992 171 3008; x_wconf 88' lang='lat' dir='ltr'>eon</span> <span class='ocrx_word' id='word_1_622' title='bbox 185 2985 269 3016; x_wconf 82' lang='lat' dir='ltr'>quelli</span> <span class='ocrx_word' id='word_1_623' title='bbox 283 2984 373 3008; x_wconf 78' lang='lat' dir='ltr'>offerti</span> <span class='ocrx_word' id='word_1_624' title='bbox 388 2984 432 3007; x_wconf 80' lang='lat' dir='ltr'>dal</span> <span class='ocrx_word' id='word_1_625' title='bbox 456 2983 598 3006; x_wconf 72' lang='lat' dir='ltr'>chronicon</span> <span class='ocrx_word' id='word_1_626' title='bbox 611 2983 726 3007; x_wconf 70' lang='lat' dir='ltr'>Estensc.</span> <span class='ocrx_word' id='word_1_627' title='bbox 765 2982 812 3008; x_wconf 77' lang='lat' dir='ltr'>Cf.</span> <span class='ocrx_word' id='word_1_628' title='bbox 830 2990 941 3012; x_wconf 77' lang='lat' dir='ltr'>ancora,</span> <span class='ocrx_word' id='word_1_629' title='bbox 962 2982 1003 3006; x_wconf 84' lang='lat' dir='ltr'>fra</span> 
     </span>
    </p>
   </div>
   <div class='ocr_carea' id='block_1_16' title="bbox 1052 2314 1943 3012">
    <p class='ocr_par' dir='ltr' id='par_1_18' title="bbox 1052 2314 1941 2681">
     <span class='ocr_line' id='line_1_65' title="bbox 1052 2314 1940 2348; baseline 0 -9"><span class='ocrx_word' id='word_1_630' title='bbox 1052 2316 1120 2347; x_wconf 84' lang='lat' dir='ltr'>(RR.</span> <span class='ocrx_word' id='word_1_631' title='bbox 1141 2316 1176 2340; x_wconf 91' lang='lat' dir='ltr'>II.</span> <span class='ocrx_word' id='word_1_632' title='bbox 1196 2316 1257 2343; x_wconf 62' lang='lat' dir='ltr'>SS„</span> <span class='ocrx_word' id='word_1_633' title='bbox 1281 2317 1354 2346; x_wconf 85' lang='lat' dir='ltr'>XVI,</span> <span class='ocrx_word' id='word_1_634' title='bbox 1381 2315 1517 2348; x_wconf 80' lang='lat'>284-285),</span> <span class='ocrx_word' id='word_1_635' title='bbox 1544 2316 1564 2339; x_wconf 88' lang='lat' dir='ltr'>il</span> <span class='ocrx_word' id='word_1_636' title='bbox 1590 2315 1693 2340; x_wconf 86' lang='lat' dir='ltr'>Gazata</span> <span class='ocrx_word' id='word_1_637' title='bbox 1720 2314 1790 2346; x_wconf 87' lang='lat' dir='ltr'>(RR.</span> <span class='ocrx_word' id='word_1_638' title='bbox 1816 2315 1851 2339; x_wconf 88' lang='lat' dir='ltr'>II.</span> <span class='ocrx_word' id='word_1_639' title='bbox 1878 2316 1940 2342; x_wconf 73' lang='lat' dir='ltr'>SS..</span> 
     </span>
     <span class='ocr_line' id='line_1_66' title="bbox 1053 2357 1938 2390; baseline -0.001 -9"><span class='ocrx_word' id='word_1_640' title='bbox 1053 2357 1152 2387; x_wconf 77' lang='lat' dir='ltr'>XVIII,</span> <span class='ocrx_word' id='word_1_641' title='bbox 1171 2357 1226 2388; x_wconf 70' lang='lat'>65),</span> <span class='ocrx_word' id='word_1_642' title='bbox 1246 2364 1260 2381; x_wconf 84' lang='lat' dir='ltr'>e</span> <span class='ocrx_word' id='word_1_643' title='bbox 1287 2358 1371 2382; x_wconf 83' lang='lat' dir='ltr'>infine</span> <span class='ocrx_word' id='word_1_644' title='bbox 1397 2358 1434 2390; x_wconf 86' lang='lat' dir='ltr'>gli</span> <span class='ocrx_word' id='word_1_645' title='bbox 1459 2357 1576 2380; x_wconf 77' lang='lat' dir='ltr'>Annales</span> <span class='ocrx_word' id='word_1_646' title='bbox 1600 2357 1784 2381; x_wconf 71' lang='lat' dir='ltr'>Forolfm&#39;enses</span> <span class='ocrx_word' id='word_1_647' title='bbox 1808 2357 1877 2389; x_wconf 81' lang='lat' dir='ltr'>(RR.</span> <span class='ocrx_word' id='word_1_648' title='bbox 1904 2357 1938 2380; x_wconf 90' lang='lat' dir='ltr'>II.</span> 
     </span>
     <span class='ocr_line' id='line_1_67' title="bbox 1053 2398 1939 2430; baseline 0 -8"><span class='ocrx_word' id='word_1_649' title='bbox 1053 2399 1114 2427; x_wconf 89' lang='lat' dir='ltr'>SS.,</span> <span class='ocrx_word' id='word_1_650' title='bbox 1128 2399 1213 2427; x_wconf 88' lang='lat' dir='ltr'>XXII,</span> <span class='ocrx_word' id='word_1_651' title='bbox 1232 2399 1300 2430; x_wconf 81' lang='lat'>186),</span> <span class='ocrx_word' id='word_1_652' title='bbox 1315 2407 1328 2423; x_wconf 87' lang='lat' dir='ltr'>e</span> <span class='ocrx_word' id='word_1_653' title='bbox 1340 2400 1377 2423; x_wconf 82' lang='lat' dir='ltr'>M.</span> <span class='ocrx_word' id='word_1_654' title='bbox 1392 2399 1553 2428; x_wconf 59' lang='lat' dir='ltr'>Gnmsoxr,</span> <span class='ocrx_word' id='word_1_655' title='bbox 1566 2398 1642 2422; x_wconf 77' lang='lat' dir='ltr'>Mem.</span> <span class='ocrx_word' id='word_1_656' title='bbox 1658 2399 1728 2422; x_wconf 70' lang='lat' dir='ltr'>Hlst.</span> <span class='ocrx_word' id='word_1_657' title='bbox 1746 2398 1816 2429; x_wconf 89' lang='lat' dir='ltr'>(RR.</span> <span class='ocrx_word' id='word_1_658' title='bbox 1829 2399 1864 2422; x_wconf 92' lang='lat' dir='ltr'>II.</span> <span class='ocrx_word' id='word_1_659' title='bbox 1879 2399 1939 2426; x_wconf 70' lang='lat' dir='ltr'>SS..</span> 
     </span>
     <span class='ocr_line' id='line_1_68' title="bbox 1053 2439 1938 2473; baseline 0 -9"><span class='ocrx_word' id='word_1_660' title='bbox 1053 2440 1152 2469; x_wconf 80' lang='lat' dir='ltr'>XVIII,</span> <span class='ocrx_word' id='word_1_661' title='bbox 1173 2448 1267 2465; x_wconf 83' lang='lat' dir='ltr'>nuova</span> <span class='ocrx_word' id='word_1_662' title='bbox 1286 2441 1364 2470; x_wconf 88' lang='lat' dir='ltr'>ediz.,</span> <span class='ocrx_word' id='word_1_663' title='bbox 1385 2448 1429 2473; x_wconf 89' lang='lat' dir='ltr'>pp.</span> <span class='ocrx_word' id='word_1_664' title='bbox 1452 2439 1542 2472; x_wconf 80' lang='lat'>56-58)</span> <span class='ocrx_word' id='word_1_665' title='bbox 1558 2441 1607 2464; x_wconf 88' lang='lat' dir='ltr'>che</span> <span class='ocrx_word' id='word_1_666' title='bbox 1622 2441 1774 2473; x_wconf 87' lang='lat' dir='ltr'>incolpano</span> <span class='ocrx_word' id='word_1_667' title='bbox 1789 2441 1818 2464; x_wconf 82' lang='lat' dir='ltr'>la</span> <span class='ocrx_word' id='word_1_668' title='bbox 1842 2442 1938 2472; x_wconf 84' lang='lat' dir='ltr'>regina</span> 
     </span>
     <span class='ocr_line' id='line_1_69' title="bbox 1052 2482 1941 2513; baseline -0.002 -6"><span class='ocrx_word' id='word_1_669' title='bbox 1052 2485 1152 2509; x_wconf 79' lang='lat' dir='ltr'>stessa:</span> <span class='ocrx_word' id='word_1_670' title='bbox 1179 2484 1197 2506; x_wconf 93' lang='lat' dir='ltr'>il</span> <span class='ocrx_word' id='word_1_671' title='bbox 1217 2483 1411 2513; x_wconf 58' lang='lat' dir='ltr'>CAtnccxoLo,</span> <span class='ocrx_word' id='word_1_672' title='bbox 1435 2482 1564 2505; x_wconf 73' lang='lat' dir='ltr'>Iohannae</span> <span class='ocrx_word' id='word_1_673' title='bbox 1583 2482 1602 2505; x_wconf 93' lang='lat' dir='ltr'>I</span> <span class='ocrx_word' id='word_1_674' title='bbox 1615 2483 1720 2513; x_wconf 70' lang='lat' dir='ltr'>reginae</span> <span class='ocrx_word' id='word_1_675' title='bbox 1740 2483 1863 2513; x_wconf 78' lang='lat' dir='ltr'>Neapolis</span> <span class='ocrx_word' id='word_1_676' title='bbox 1886 2483 1941 2506; x_wconf 72' lang='lat' dir='ltr'>vita</span> 
     </span>
     <span class='ocr_line' id='line_1_70' title="bbox 1054 2524 1941 2555; baseline -0.001 -7"><span class='ocrx_word' id='word_1_677' title='bbox 1054 2525 1122 2555; x_wconf 87' lang='lat' dir='ltr'>(RR.</span> <span class='ocrx_word' id='word_1_678' title='bbox 1144 2525 1179 2549; x_wconf 93' lang='lat' dir='ltr'>II.</span> <span class='ocrx_word' id='word_1_679' title='bbox 1199 2525 1260 2551; x_wconf 84' lang='lat' dir='ltr'>SS.,</span> <span class='ocrx_word' id='word_1_680' title='bbox 1280 2525 1366 2554; x_wconf 82' lang='lat' dir='ltr'>XXII,</span> <span class='ocrx_word' id='word_1_681' title='bbox 1389 2524 1431 2551; x_wconf 65' lang='grc' dir='ltr'>Η)</span> <span class='ocrx_word' id='word_1_682' title='bbox 1456 2524 1504 2548; x_wconf 89' lang='lat' dir='ltr'>che</span> <span class='ocrx_word' id='word_1_683' title='bbox 1530 2530 1609 2548; x_wconf 80' lang='lat' dir='ltr'>seusa</span> <span class='ocrx_word' id='word_1_684' title='bbox 1628 2524 1653 2547; x_wconf 83' lang='lat' dir='ltr'>la</span> <span class='ocrx_word' id='word_1_685' title='bbox 1672 2525 1769 2555; x_wconf 76' lang='lat' dir='ltr'>regina</span> <span class='ocrx_word' id='word_1_686' title='bbox 1788 2524 1816 2548; x_wconf 87' lang='lat' dir='ltr'>di</span> <span class='ocrx_word' id='word_1_687' title='bbox 1842 2525 1941 2548; x_wconf 85' lang='lat' dir='ltr'>essersi</span> 
     </span>
     <span class='ocr_line' id='line_1_71' title="bbox 1054 2565 1940 2591; baseline -0.001 -1"><span class='ocrx_word' id='word_1_688' title='bbox 1054 2567 1212 2591; x_wconf 80' lang='lat' dir='ltr'>sbarazzata</span> <span class='ocrx_word' id='word_1_689' title='bbox 1233 2566 1275 2590; x_wconf 88' lang='lat' dir='ltr'>del</span> <span class='ocrx_word' id='word_1_690' title='bbox 1297 2567 1397 2590; x_wconf 85' lang='lat' dir='ltr'>marito</span> <span class='ocrx_word' id='word_1_691' title='bbox 1417 2573 1497 2589; x_wconf 88' lang='lat' dir='ltr'>rozzo</span> <span class='ocrx_word' id='word_1_692' title='bbox 1523 2572 1538 2589; x_wconf 86' lang='lat' dir='ltr'>e</span> <span class='ocrx_word' id='word_1_693' title='bbox 1563 2565 1680 2589; x_wconf 85' lang='lat' dir='ltr'>brutale.</span> <span class='ocrx_word' id='word_1_694' title='bbox 1717 2566 1767 2589; x_wconf 87' lang='lat' dir='ltr'>Sui</span> <span class='ocrx_word' id='word_1_695' title='bbox 1793 2566 1869 2589; x_wconf 87' lang='lat' dir='ltr'>nomi</span> <span class='ocrx_word' id='word_1_696' title='bbox 1896 2565 1940 2589; x_wconf 86' lang='lat' dir='ltr'>dei</span> 
     </span>
     <span class='ocr_line' id='line_1_72' title="bbox 1054 2605 1941 2639; baseline -0.001 -8"><span class='ocrx_word' id='word_1_697' title='bbox 1054 2609 1214 2639; x_wconf 81' lang='lat' dir='ltr'>congiurati</span> <span class='ocrx_word' id='word_1_698' title='bbox 1234 2608 1401 2632; x_wconf 71' lang='lat' dir='ltr'>discordano</span> <span class='ocrx_word' id='word_1_699' title='bbox 1421 2607 1532 2637; x_wconf 87' lang='lat' dir='ltr'>dunque</span> <span class='ocrx_word' id='word_1_700' title='bbox 1551 2606 1577 2630; x_wconf 87' lang='lat' dir='ltr'>le</span> <span class='ocrx_word' id='word_1_701' title='bbox 1597 2607 1675 2636; x_wconf 80' lang='lat' dir='ltr'>sonti,</span> <span class='ocrx_word' id='word_1_702' title='bbox 1693 2605 1753 2631; x_wconf 70' lang='lat' dir='ltr'>cosi</span> <span class='ocrx_word' id='word_1_703' title='bbox 1774 2614 1851 2631; x_wconf 89' lang='lat' dir='ltr'>come</span> <span class='ocrx_word' id='word_1_704' title='bbox 1868 2607 1941 2631; x_wconf 80' lang='lat' dir='ltr'>sulla</span> 
     </span>
     <span class='ocr_line' id='line_1_73' title="bbox 1053 2648 1436 2681; baseline -0.003 -8"><span class='ocrx_word' id='word_1_705' title='bbox 1053 2648 1218 2681; x_wconf 70' lang='lat' dir='ltr'>colpabilitc&#39;t</span> <span class='ocrx_word' id='word_1_706' title='bbox 1237 2650 1309 2673; x_wconf 82' lang='lat' dir='ltr'>della</span> <span class='ocrx_word' id='word_1_707' title='bbox 1327 2649 1436 2680; x_wconf 76' lang='lat' dir='ltr'>regina.</span> 
     </span>
    </p>

    <p class='ocr_par' dir='ltr' id='par_1_19' title="bbox 1143 2689 1716 2721">
     <span class='ocr_line' id='line_1_74' title="bbox 1143 2689 1716 2721; baseline 0 -7"><span class='ocrx_word' id='word_1_708' title='bbox 1143 2689 1153 2705; x_wconf 77' lang='lat'><strong>3</strong></span> <span class='ocrx_word' id='word_1_709' title='bbox 1174 2691 1279 2715; x_wconf 81' lang='lat' dir='ltr'>Aversa</span> <span class='ocrx_word' id='word_1_710' title='bbox 1299 2698 1314 2714; x_wconf 86' lang='lat' dir='ltr'>a</span> <span class='ocrx_word' id='word_1_711' title='bbox 1335 2697 1368 2714; x_wconf 85' lang='lat'>20</span> <span class='ocrx_word' id='word_1_712' title='bbox 1387 2691 1435 2715; x_wconf 90' lang='lat' dir='ltr'>kil.</span> <span class='ocrx_word' id='word_1_713' title='bbox 1455 2691 1530 2715; x_wconf 85' lang='lat' dir='ltr'>cirea</span> <span class='ocrx_word' id='word_1_714' title='bbox 1549 2691 1583 2714; x_wconf 91' lang='lat' dir='ltr'>da</span> <span class='ocrx_word' id='word_1_715' title='bbox 1602 2690 1716 2721; x_wconf 85' lang='lat' dir='ltr'>Napoli.</span> 
     </span>
    </p>

    <p class='ocr_par' dir='ltr' id='par_1_20' title="bbox 1056 2730 1943 2970">
     <span class='ocr_line' id='line_1_75' title="bbox 1143 2730 1939 2763; baseline -0.001 -6"><span class='ocrx_word' id='word_1_716' title='bbox 1143 2732 1152 2748; x_wconf 70' lang='lat'>⁴</span> <span class='ocrx_word' id='word_1_717' title='bbox 1173 2733 1323 2762; x_wconf 67' lang='lat' dir='ltr'>GRAva,</span> <span class='ocrx_word' id='word_1_718' title='bbox 1344 2733 1402 2762; x_wconf 83' lang='lat' dir='ltr'>XII,</span> <span class='ocrx_word' id='word_1_719' title='bbox 1426 2736 1454 2762; x_wconf 79' lang='lat'>15</span> <span class='ocrx_word' id='word_1_720' title='bbox 1479 2730 1582 2763; x_wconf 80' lang='lat' dir='ltr'>(nuova</span> <span class='ocrx_word' id='word_1_721' title='bbox 1601 2732 1696 2762; x_wconf 83' lang='lat' dir='ltr'>ediz.):</span> <span class='ocrx_word' id='word_1_722' title='bbox 1717 2731 1730 2744; x_wconf 78' lang='lat'>“</span> <span class='ocrx_word' id='word_1_723' title='bbox 1743 2733 1778 2756; x_wconf 83' lang='lat' dir='ltr'>ad</span> <span class='ocrx_word' id='word_1_724' title='bbox 1796 2732 1939 2756; x_wconf 82' lang='lat' dir='ltr'>ecclesiam</span> 
     </span>
     <span class='ocr_line' id='line_1_76' title="bbox 1057 2773 1940 2805; baseline -0.002 -7"><span class='ocrx_word' id='word_1_725' title='bbox 1057 2776 1174 2799; x_wconf 81' lang='lat' dir='ltr'>“Sancti</span> <span class='ocrx_word' id='word_1_726' title='bbox 1194 2775 1271 2798; x_wconf 83' lang='lat' dir='ltr'>Petri</span> <span class='ocrx_word' id='word_1_727' title='bbox 1296 2774 1328 2798; x_wconf 89' lang='lat' dir='ltr'>de</span> <span class='ocrx_word' id='word_1_728' title='bbox 1353 2775 1527 2804; x_wconf 81' lang='lat' dir='ltr'>Murrono„;</span> <span class='ocrx_word' id='word_1_729' title='bbox 1557 2773 1700 2797; x_wconf 76' lang='lat' dir='ltr'>Chronican</span> <span class='ocrx_word' id='word_1_730' title='bbox 1720 2774 1879 2797; x_wconf 77' lang='lat' dir='ltr'>Suessanum</span> <span class='ocrx_word' id='word_1_731' title='bbox 1900 2773 1940 2805; x_wconf 91' lang='lat' dir='ltr'>(in</span> 
     </span>
     <span class='ocr_line' id='line_1_77' title="bbox 1056 2815 1943 2846; baseline -0.002 -7"><span class='ocrx_word' id='word_1_732' title='bbox 1056 2816 1175 2839; x_wconf 60' lang='lat' dir='ltr'>Rae-colla</span> <span class='ocrx_word' id='word_1_733' title='bbox 1194 2817 1224 2838; x_wconf 78' lang='lat' dir='ltr'>di</span> <span class='ocrx_word' id='word_1_734' title='bbox 1240 2816 1312 2839; x_wconf 81' lang='lat' dir='ltr'>varie</span> <span class='ocrx_word' id='word_1_735' title='bbox 1330 2815 1464 2843; x_wconf 76' lang='lat' dir='ltr'>cronaclze,</span> <span class='ocrx_word' id='word_1_736' title='bbox 1483 2815 1568 2838; x_wconf 74' lang='lat' dir='ltr'>diarii</span> <span class='ocrx_word' id='word_1_737' title='bbox 1584 2822 1630 2839; x_wconf 87' lang='lat' dir='ltr'>ecc.</span> <span class='ocrx_word' id='word_1_738' title='bbox 1645 2816 1688 2838; x_wconf 78' lang='lat' dir='ltr'>del</span> <span class='ocrx_word' id='word_1_739' title='bbox 1699 2823 1778 2846; x_wconf 78' lang='lat' dir='ltr'>regno</span> <span class='ocrx_word' id='word_1_740' title='bbox 1792 2816 1822 2838; x_wconf 76' lang='lat' dir='ltr'>di</span> <span class='ocrx_word' id='word_1_741' title='bbox 1833 2815 1943 2845; x_wconf 79' lang='lat' dir='ltr'>Napoli,</span> 
     </span>
     <span class='ocr_line' id='line_1_78' title="bbox 1056 2856 1943 2889; baseline -0.002 -7"><span class='ocrx_word' id='word_1_742' title='bbox 1056 2858 1168 2889; x_wconf 83' lang='lat' dir='ltr'>Napoli,</span> <span class='ocrx_word' id='word_1_743' title='bbox 1185 2856 1259 2887; x_wconf 89' lang='lat'>1780.</span> <span class='ocrx_word' id='word_1_744' title='bbox 1274 2858 1295 2887; x_wconf 85' lang='grc' dir='ltr'>Ι,</span> <span class='ocrx_word' id='word_1_745' title='bbox 1308 2856 1369 2888; x_wconf 80' lang='lat'><strong>66):</strong></span> <span class='ocrx_word' id='word_1_746' title='bbox 1387 2856 1398 2868; x_wconf 71' lang='lat'>‘⁴</span> <span class='ocrx_word' id='word_1_747' title='bbox 1411 2858 1530 2880; x_wconf 83' lang='lat' dir='ltr'>Ecclesia</span> <span class='ocrx_word' id='word_1_748' title='bbox 1544 2857 1633 2880; x_wconf 84' lang='lat' dir='ltr'>sancti</span> <span class='ocrx_word' id='word_1_749' title='bbox 1648 2857 1724 2880; x_wconf 84' lang='lat' dir='ltr'>Petri</span> <span class='ocrx_word' id='word_1_750' title='bbox 1738 2857 1770 2881; x_wconf 91' lang='lat' dir='ltr'>de</span> <span class='ocrx_word' id='word_1_751' title='bbox 1785 2857 1902 2888; x_wconf 73' lang='lat' dir='ltr'>Mayella</span> <span class='ocrx_word' id='word_1_752' title='bbox 1913 2864 1943 2886; x_wconf 80' lang='lat'>„3</span> 
     </span>
     <span class='ocr_line' id='line_1_79' title="bbox 1056 2897 1942 2930; baseline -0.002 -7"><span class='ocrx_word' id='word_1_753' title='bbox 1056 2900 1191 2924; x_wconf 66' lang='lat' dir='ltr'>BAZZANO</span> <span class='ocrx_word' id='word_1_754' title='bbox 1211 2900 1238 2922; x_wconf 91' lang='lat' dir='ltr'>in</span> <span class='ocrx_word' id='word_1_755' title='bbox 1262 2899 1337 2922; x_wconf 77' lang='lat' dir='ltr'>Cron.</span> <span class='ocrx_word' id='word_1_756' title='bbox 1352 2899 1424 2922; x_wconf 76' lang='lat' dir='ltr'>Mod.</span> <span class='ocrx_word' id='word_1_757' title='bbox 1443 2899 1499 2928; x_wconf 62' lang='lat' dir='ltr'>cit„</span> <span class='ocrx_word' id='word_1_758' title='bbox 1513 2905 1538 2930; x_wconf 90' lang='lat' dir='ltr'>p.</span> <span class='ocrx_word' id='word_1_759' title='bbox 1555 2897 1618 2930; x_wconf 73' lang='lat'>264:</span> <span class='ocrx_word' id='word_1_760' title='bbox 1634 2899 1645 2911; x_wconf 82' lang='lat'>“</span> <span class='ocrx_word' id='word_1_761' title='bbox 1658 2899 1687 2922; x_wconf 79' lang='lat' dir='ltr'>ln</span> <span class='ocrx_word' id='word_1_762' title='bbox 1702 2899 1872 2922; x_wconf 85' lang='lat' dir='ltr'>monasterio</span> <span class='ocrx_word' id='word_1_763' title='bbox 1886 2897 1942 2922; x_wconf 77' lang='lat' dir='ltr'>fra—</span> 
     </span>
     <span class='ocr_line' id='line_1_80' title="bbox 1059 2941 1352 2970; baseline 0 -7"><span class='ocrx_word' id='word_1_764' title='bbox 1059 2941 1071 2953; x_wconf 89' lang='lat'><em>“</em></span> <span class='ocrx_word' id='word_1_765' title='bbox 1083 2942 1155 2964; x_wconf 81' lang='lat' dir='ltr'>trum</span> <span class='ocrx_word' id='word_1_766' title='bbox 1176 2941 1319 2964; x_wconf 87' lang='lat' dir='ltr'>Minorum</span> <span class='ocrx_word' id='word_1_767' title='bbox 1330 2957 1352 2970; x_wconf 79' lang='lat'>‚,.</span> 
     </span>
    </p>

    <p class='ocr_par' dir='ltr' id='par_1_21' title="bbox 1146 2981 1667 3012">
     <span class='ocr_line' id='line_1_81' title="bbox 1146 2981 1667 3012; baseline 0 -7"><span class='ocrx_word' id='word_1_768' title='bbox 1146 2981 1156 2997; x_wconf 83' lang='lat'>5</span> <span class='ocrx_word' id='word_1_769' title='bbox 1178 2981 1297 3012; x_wconf 78' lang='lat' dir='ltr'>Ysolda3</span> <span class='ocrx_word' id='word_1_770' title='bbox 1316 2981 1351 3006; x_wconf 82' lang='lat' dir='ltr'>cf.</span> <span class='ocrx_word' id='word_1_771' title='bbox 1371 2982 1522 3011; x_wconf 61' lang='lat' dir='ltr'>vanm,</span> <span class='ocrx_word' id='word_1_772' title='bbox 1546 2982 1604 3010; x_wconf 86' lang='lat' dir='ltr'>XV,</span> <span class='ocrx_word' id='word_1_773' title='bbox 1628 2981 1667 3005; x_wconf 81' lang='lat'>16.</span> 
     </span>
    </p>
   </div>
   <div class='ocr_carea' id='block_1_17' title="bbox 1967 1567 2114 2889">
    <p class='ocr_par' dir='ltr' id='par_1_22' title="bbox 1967 1567 2114 2889">
     <span class='ocr_line' id='line_1_82' title="bbox 2008 1567 2080 1585; baseline 0 -5"><span class='ocrx_word' id='word_1_774' title='bbox 2008 1567 2027 1580; x_wconf 86' lang='lat' dir='ltr'>c.</span> <span class='ocrx_word' id='word_1_775' title='bbox 2043 1567 2080 1585; x_wconf 79' lang='lat'>105</span> 
     </span>
     <span class='ocr_line' id='line_1_83' title="bbox 1984 1879 2114 1902; baseline 0 -5"><span class='ocrx_word' id='word_1_776' title='bbox 1984 1879 2060 1901; x_wconf 60' lang='lat' dir='ltr'>Mun„</span> <span class='ocrx_word' id='word_1_777' title='bbox 2076 1885 2114 1902; x_wconf 70' lang='lat'>4²2</span> 
     </span>
     <span class='ocr_line' id='line_1_84' title="bbox 1967 2235 1998 2260; baseline 0 0"><span class='ocrx_word' id='word_1_778' title='bbox 1967 2235 1998 2260; x_wconf 78' lang='lat'>²5</span> 
     </span>
     <span class='ocr_line' id='line_1_85' title="bbox 1968 2447 2002 2472; baseline 0 -7"><span class='ocrx_word' id='word_1_779' title='bbox 1968 2447 2002 2472; x_wconf 86' lang='lat'>30</span> 
     </span>
     <span class='ocr_line' id='line_1_86' title="bbox 1970 2652 2000 2678; baseline 0.033 -1"><span class='ocrx_word' id='word_1_780' title='bbox 1970 2652 2000 2678; x_wconf 81' lang='lat'>35</span> 
     </span>
     <span class='ocr_line' id='line_1_87' title="bbox 1971 2865 2005 2889; baseline 0 -8"><span class='ocrx_word' id='word_1_781' title='bbox 1971 2865 2005 2889; x_wconf 80' lang='lat'>40</span> 
     </span>
    </p>
   </div>
  </div>
 </body>
</html>
