2360 3603
211 1883 230 1897 c.
246 1883 305 1897 12211

200 2197 274 2221 Mun„
289 2202 327 2219 ⁴49

394 392 553 433 peractiS,
578 391 655 422 Rex
679 396 806 421 armata
830 400 932 421 manu
956 400 1032 421 cum
1056 391 1124 421 suis
1141 390 1360 431 aplicuerunt
1375 388 1569 429 Neapolim,
1587 390 1642 420 cui
1660 389 1794 420 obviam
1810 396 1979 421 venerunt
1995 390 2111 431 plures
2128 391 2222 422 cives

395 443 542 475 civitatis
567 453 642 474 cum
667 442 778 474 tribus
802 443 901 483 paliis
931 442 1139 480 dictissimis‚
1170 442 1232 472 sub
1267 441 1391 482 quibus
1421 451 1569 482 persona
1600 441 1710 483 Regis
1741 441 1911 473 civitatem
1942 442 2095 474 intraret.
2141 443 2220 474 Rex

392 496 514 527 videns
538 496 615 531 hoc,
640 495 702 526 ait:
733 497 746 511 ⁴⁴
760 505 827 536 ego
850 505 986 531 recuxo,
1010 499 1042 525 et
1064 494 1218 525 renuntio
1243 494 1315 524 istis
1338 494 1474 530 talibus
1499 494 1571 524 nolo
1595 494 1662 524 uisi
1684 493 1856 525 barbulam
1873 499 2028 527 nostram.
2063 495 2116 527 De
2131 495 2222 526 vobis

398 551 488 579 “non
518 547 715 589 confiderem
739 547 931 589 amplius„;
956 547 1118 589 quoniam
1143 547 1222 578 Rex
1247 547 1462 587 presciverat
1486 552 1667 578 tractatum
1692 546 1815 577 civium
1840 553 1873 578 et
1890 548 1986 579 ducis
2002 548 2146 584 Durani,
2162 547 2221 589 qui

393 601 529 632 insimul
553 601 799 632 ordinaverant
823 600 858 631 in
881 606 1046 642 yntroytu
1071 599 1219 630 civitatis
1242 599 1404 630 occidere
1427 599 1574 640 Regem.
1623 600 1722 631 Tunc
1746 599 1825 631 Rex
1849 610 1924 631 cum
1948 601 2107 631 intrasset
2131 601 2214 631 civi·
2261 601 2278 632 5

391 661 506 690 tatem,
531 653 644 684 omnia
668 653 797 694 palatia
821 653 979 684 Realium
1005 659 1040 684 et
1063 651 1153 683 bona
1177 651 1321 683 tradidit
1343 658 1377 682 et
1401 651 1545 683 donavit
1568 652 1636 682 suis
1659 651 1841 689 nobilibus,
1858 659 1891 684 et
1907 652 2038 684 amicis.
2085 653 2220 693 Elapsis

393 717 473 748 ergo
497 706 667 748 aliquibus
691 705 822 742 diebus,
847 705 1032 736 destinavit
1056 704 1183 735 Reales
1206 705 1240 734 in
1265 703 1452 746 Ungariam
1479 711 1545 736 etc.

478 759 610 790 Eodem
636 758 816 790 millesimo
841 768 1034 797 cccxnvm,
1060 758 1115 789 die
1148 756 1233 787 xxv⁰
1264 757 1420 799 januarii,
1451 757 1486 788 in
1511 757 1567 789 die
1592 758 1827 789 conversionis
1850 758 1957 789 sancti
1989 758 2098 796 Pauli,
2129 759 2220 790 circa

391 822 564 853 vesperas,
589 812 755 843 maximus
779 817 985 843 terremotus
1010 812 1122 842 factus
1147 817 1196 842 est
1219 810 1254 841 in
1278 811 1418 842 civitate
1442 810 1601 842 Ferrarie
1626 816 1660 841 et
1684 811 1759 842 aliis
1782 811 1938 852 pluribus
1961 812 2048 843 locis
2083 817 2117 843 et
2140 812 2224 843 civi-

390 865 527 901 tatibus,
552 871 585 896 et
609 865 754 896 maxime
778 865 812 895 in
836 864 993 905 partibus
1016 863 1314 901 Clarentanorum‚
1348 863 1382 893 in
1407 863 1548 894 civitate
1572 863 1685 894 Villae
1700 865 1721 900 ¹,
1744 863 1804 895 ubi
1832 869 1904 895 tota
1927 865 2073 906 quedam
2099 864 2220 896 civitas
2247 865 2285 895 10

392 917 564 949 submersa
590 924 649 949 est.

479 970 609 1002 Eodem
635 970 827 1006 millesimo,
851 971 885 1001 in
910 970 1066 1011 partibus
1082 970 1215 1012 Captay
1229 968 1239 984 ²
1256 969 1345 1010 pluit
1361 969 1396 1000 in
1412 969 1561 1000 maxima
1579 969 1681 1010 copia
1698 970 1863 1001 vermium
1881 975 1915 1001 et
1931 971 2142 1011 serpentium
2161 971 2219 1011 qui

392 1023 647 1055 devoraverunt
671 1024 854 1054 maximam
879 1022 1105 1064 quantitatem
1129 1022 1281 1064 gentium
1306 1028 1339 1053 et
1356 1032 1588 1063 quoscumque
1605 1023 1773 1059 homines,
1797 1023 1955 1054 homines
1981 1022 2035 1053 vel
2060 1023 2216 1060 feminas,

391 1076 555 1118 tangebat
577 1086 677 1117 aqua,
701 1076 814 1107 subito
837 1075 1083 1107 moriebantur.

476 1129 608 1161 Eodem
633 1129 815 1160 millesimo
839 1135 873 1160 et
897 1128 1030 1166 diebus,
1054 1127 1142 1169 pluit
1166 1128 1254 1170 iguis
1278 1129 1444 1159 maximus
1469 1128 1512 1159 de
1538 1128 1612 1159 celo
1636 1128 1671 1158 in
1696 1128 1852 1169 partibus
1875 1128 2026 1170 Imperii,
2051 1129 2145 1170 quod
2169 1134 2221 1159 est
2248 1129 2283 1159 15

390 1183 480 1213 inter
504 1181 699 1224 Cathayum
735 1188 768 1213 et
791 1181 982 1217 Persidam,
1007 1188 1040 1212 et
1063 1180 1189 1213 cecidit
1213 1181 1246 1211 in
1272 1182 1384 1211 forma
1407 1180 1495 1211 nivis
1519 1187 1552 1212 et
1576 1181 1766 1212 combursit
1789 1188 1931 1221 montes,
1955 1187 2065 1213 terras
2090 1186 2123 1212 et
2155 1181 2222 1212 alia

391 1235 477 1272 loca,
501 1235 654 1266 homines
676 1241 709 1266 et
733 1234 891 1271 feminas,
915 1240 947 1265 et
971 1233 1169 1265 deducebat
1192 1234 1323 1264 fumum
1348 1234 1541 1270 maximum,
1566 1244 1666 1275 quem
1692 1234 1748 1275 qui
1766 1233 1991 1276 adspiciebat,
2010 1233 2222 1266 moriebatur

389 1289 421 1318 in
446 1288 555 1329 spatio
580 1287 684 1319 medii
710 1287 795 1323 diei;
820 1293 853 1318 et
878 1287 1032 1318 similiter
1054 1287 1081 1317 si
1106 1286 1227 1328 aliquis
1250 1287 1304 1317 vel
1328 1286 1444 1328 aliqua
1465 1287 1672 1327 respiciebat
1694 1287 1781 1323 illos,
1806 1288 1863 1329 qui
1887 1288 2017 1318 fumum
2048 1286 2220 1324 viderant,

392 1342 493 1373 etiam
516 1340 734 1372 moriebatur.
780 1340 921 1371 Accidit
944 1346 1038 1380 tunc,
1055 1340 1149 1382 quod
1168 1340 1291 1371 decem
1307 1340 1397 1382 galie
1414 1341 1603 1371 transibant
1620 1346 1732 1381 partes
1750 1340 1835 1377 illas,
1853 1351 1994 1383 quarum
2014 1342 2080 1371 due
2098 1340 2141 1372 de
2158 1339 2215 1381 Ja—

387 1393 728 1430 nuensibus,scilicet
744 1394 900 1425 homines
917 1393 1141 1434 respicientes
1157 1392 1234 1424 illos
1251 1393 1309 1434 qui
1323 1393 1485 1424 viderant
1502 1393 1638 1424 dictum·
1651 1394 1792 1430 fumum,
1810 1394 1895 1425 mori
1914 1399 2079 1435 ceperunt
2097 1393 2214 1429 etiam;
2241 1394 2282 1424 20

384 1454 498 1479 tamen
516 1447 756 1478 conduxerunt
773 1456 830 1478 eas
847 1446 1183 1488 Constantinopolim
1200 1452 1233 1477 et
1250 1445 1383 1477 Petam.
1429 1446 1529 1477 Tunc
1547 1447 1640 1477 cives
1657 1447 1824 1478 dictarum
1842 1447 2020 1478 civitatum
2036 1447 2218 1488 loquentes

388 1512 463 1531 cum
488 1500 556 1530 illis
579 1499 804 1531 existentibus
828 1510 930 1540 super
954 1499 1070 1542 galias,
1094 1499 1210 1530 statim
1235 1499 1479 1530 moriebantur.
1528 1498 1630 1531 Cives
1654 1506 1736 1531 tunc
1759 1499 1881 1531 mortui
1906 1506 1984 1531 sunt
1999 1499 2034 1530 in
2051 1499 2219 1531 Constan-

390 1554 545 1595 tinopoly
570 1563 613 1584 ex
636 1563 759 1584 novem
783 1553 939 1594 personis
963 1559 1041 1584 octo
1067 1558 1133 1584 etc.
1180 1553 1418 1584 Recesserunt
1441 1553 1521 1584 inde
1546 1553 1638 1584 dicte
1663 1553 1766 1595 galie,
1792 1559 1825 1584 et
1857 1553 2066 1585 transierunt
2098 1553 2131 1583 in
2163 1551 2217 1583 Si-

389 1607 501 1637 ciliam
543 1612 577 1638 et
608 1606 797 1642 Missinam‚
829 1612 861 1636 et
891 1605 1022 1648 ubique
1055 1605 1278 1637 dimictebant
1309 1605 1571 1647 conruptionem
1603 1606 1808 1647 predictam,
1843 1606 1880 1637 in
1911 1606 2033 1648 quibus
2064 1605 2219 1647 partibus

388 1660 512 1691 mortui
530 1665 606 1690 sunt
622 1659 715 1690 circa
739 1664 775 1690 vC
791 1664 880 1690 cccm
895 1668 1077 1700 personas;
1091 1664 1125 1690 et:
1141 1658 1175 1689 in
1192 1659 1340 1700 quadam
1359 1658 1499 1690 civitate
1513 1659 1597 1690 dicti
1610 1659 1727 1701 Regni
1743 1659 1878 1690 nomine
1895 1659 2049 1702 Trapaly
2059 1657 2081 1696 ³,
2097 1668 2217 1690 omnes
2241 1657 2282 1690 25

387 1712 573 1753 perierunt,
597 1717 631 1743 et
653 1712 702 1743 sic
727 1711 961 1743 inhabitabilis
983 1711 1156 1747 remansit,
1180 1717 1213 1742 et
1237 1711 1271 1741 in
1287 1711 1440 1752 partibus
1455 1709 1625 1742 Sardinee
1642 1722 1683 1743 ex
1699 1712 1821 1743 decem
1841 1722 1965 1743 novem
1982 1711 2106 1742 mortui
2122 1717 2218 1747 sunt;

387 1772 420 1796 et
443 1765 476 1796 in
502 1765 642 1796 civitate
666 1765 775 1806 Janue
799 1765 892 1797 circa
917 1769 999 1795 xum.
1054 1764 1183 1796 Civitas
1206 1764 1369 1806 Marsylie
1393 1764 1628 1796 inhabitabilis
1652 1765 1746 1797 facta
1770 1770 1821 1796 est
1845 1771 1987 1806 propter
2009 1765 2111 1796 talem
2135 1774 2218 1796 con-

389 1818 582 1859 ruptionem
607 1824 641 1849 et
665 1818 730 1848 alia
753 1818 861 1849 multa
883 1818 961 1849 loca
984 1816 1058 1849 etc.'

474 1872 540 1902 Die
563 1871 649 1914 jovis
673 1876 753 1902 ante
776 1870 990 1902 nativitatem
1017 1870 1147 1902 domini
1173 1870 1280 1902 nostri
1303 1871 1398 1902 Yesu
1423 1871 1554 1902 Christi
1577 1871 1665 1913 ignis
1689 1872 1848 1913 apparuit
1872 1872 1916 1903 de
1933 1871 2020 1908 celo,
2037 1878 2159 1903 tenens
2175 1869 2219 1902 ab

387 1924 519 1956 oriente
544 1934 649 1966 usque
674 1924 905 1955 occidentem.
952 1924 991 1954 In
1015 1923 1170 1964 partibus
1195 1923 1381 1955 Katalonie
1405 1930 1475 1955 tres
1498 1924 1635 1965 lapides
1658 1924 1795 1955 maximi
1821 1924 2022 1956 ceciderunt
2054 1924 2098 1955 de
2129 1923 2217 1963 celo,
2243 1923 2282 1954 30

386 1987 529 2019 quorum
554 1977 698 2018 quilibet
722 1982 794 2007 erat
817 1976 981 2017 ponderis
1003 1975 1153 2014 maximi,
1177 1982 1212 2008 et
1235 1976 1399 2008 miserunt
1422 1987 1525 2007 unum
1550 1977 1687 2008 domino
1711 1976 1802 2019 Regi
1825 1987 1929 2018 super
1952 1976 2098 2018 quodam
2115 1975 2217 2007 mulo.

478 2029 627 2067 Quidam
652 2040 712 2060 rex
737 2029 780 2060 de
805 2029 1005 2066 Bellamari,
1029 2029 1168 2060 nomine
1193 2028 1431 2066 Albochexen‚
1456 2030 1616 2061 dominus
1640 2031 1743 2061 totius
1774 2030 1950 2067 Barbarie,
1976 2029 2049 2060 fieri
2073 2027 2226 2060 faciebat

387 2084 570 2124 quamdam
594 2088 734 2114 stratam
759 2091 822 2124 per
846 2083 1038 2119 dexertum‚
1064 2087 1100 2112 ut
1124 2088 1240 2123 posset
1264 2082 1416 2113 Yndiam
1440 2083 1599 2115 transire:
1625 2089 1660 2114 et
1676 2093 1753 2114 cum
1771 2083 1958 2125 equitasset
1973 2083 2018 2113 ad
2033 2081 2219 2113 videndum

387 2136 514 2167 dictum
540 2135 757 2172 laborerium,
782 2135 923 2176 quidam
947 2135 1091 2166 nuncius
1115 2135 1209 2166 venit
1232 2135 1276 2166 ad
1300 2145 1430 2176 regem,
1455 2135 1574 2167 dicens
1598 2135 1645 2167 ei:
1669 2135 1824 2174 Domine,
1846 2139 2022 2177 postquam
2039 2134 2220 2166 recessistis

390 2190 525 2221 civitate:
549 2193 676 2220 mortue
699 2193 775 2219 sunt
798 2199 839 2219 ex
861 2188 1019 2219 uxoribus
1042 2189 1162 2219 vestris
1185 2189 1290 2219 lxxx“²
1308 2193 1341 2219 et
1362 2189 1434 2220 alii'
1459 2189 1595 2220 civitate
1618 2191 1818 2220 moriuntur.
1866 2189 1944 2220 Rex
1967 2187 2067 2220 valde
2096 2187 2215 2224 timuit,
2240 2186 2282 2219 35

388 2248 421 2273 et
445 2242 609 2283 cogitavit
631 2242 698 2273 hoc
723 2251 796 2272 esse
820 2241 990 2272 iudicium
1014 2240 1090 2278 Dei,
1114 2246 1151 2271 ut
1168 2241 1361 2273 efficeretur
1377 2240 1603 2273 Christianus.
1649 2242 1749 2273 Tunc
1774 2241 1853 2273 Rex
1871 2241 1997 2273 direxit
2014 2240 2218 2272 admiraium

387 2306 482 2325 suum
507 2294 551 2326 ad
576 2294 736 2326 civitates
759 2304 847 2334 suas,
871 2293 1052 2324 notificans
1075 2293 1243 2332 omnibus,
1267 2295 1361 2336 quod
1385 2294 1475 2325 effici
1497 2294 1637 2326 volebat
1668 2295 1882 2326 christianus.
1930 2293 2068 2325 Interim
2099 2303 2217 2335 super-

387 2348 480 2378 venit
504 2348 652 2389 quedam
678 2347 785 2385 navis,
809 2353 843 2378 et
864 2346 983 2377 retulit
1007 2355 1108 2385 nova,
1133 2347 1227 2388 quod
1251 2346 1438 2379 Christiani
1461 2347 1696 2379 moriebantur
1720 2348 1808 2380 sicut
1836 2346 2014 2384 Saraceni,
2045 2352 2127 2377 tunc
2158 2355 2218 2378 rex

387 2400 530 2431 audiens
553 2401 628 2438 hec,
652 2399 745 2441 quod
769 2399 955 2431 Christiani
980 2398 1214 2431 moriebantur
1238 2400 1352 2440 etiam,
1376 2399 1485 2431 noluit
1509 2400 1597 2431 effici
1619 2400 1845 2432 Christianus,

474 2453 605 2484 Eodem
630 2452 808 2484 millesimo
833 2458 868 2484 et
889 2458 1058 2493 tempore,
1083 2452 1118 2483 in
1142 2452 1296 2493 partibus
1319 2451 1466 2484 Mudoni
1490 2459 1524 2484 et
1547 2453 1676 2485 Curoni
1692 2454 1726 2484 in
1743 2453 1915 2485 Romania
1931 2462 2037 2494 usque
2054 2451 2218 2483 Venetias
2241 2451 2283 2482 40

388 2512 529 2547 propter
552 2505 724 2548 quandam
748 2505 920 2542 nebulam,
944 2504 1042 2536 multi
1067 2505 1223 2537 homines
1246 2511 1280 2536 et
1302 2505 1462 2537 mulieres
1486 2506 1609 2538 mortui
1637 2513 1724 2537 sunt.

476 2559 607 2590 Eodem
630 2557 811 2590 millesimo
834 2564 867 2589 et
891 2567 1008 2589 mense
1031 2557 1211 2589 februarii.
1257 2558 1423 2589 Dominus
1447 2569 1505 2590 rex
1528 2559 1683 2602 Ungarie
1706 2560 1854 2591 existens
1877 2559 1910 2590 in
1935 2558 2095 2600 partibus
2124 2556 2217 2588 Nea-

476 2710 500 2734 S.
520 2710 693 2733 Eodem....
714 2716 827 2733 CXLVIu
846 2718 894 2733 om.
914 2709 991 2734 MUR.
1032 2710 1062 2733 In
1082 2710 1216 2740 margine,
1243 2711 1270 2733 di
1285 2710 1378 2740 prima
1405 2719 1479 2734 mano
1504 2711 1610 2734 corsiva
1630 2711 1656 2734 in
1674 2711 1712 2734 A:
1731 2710 1771 2734 De
1791 2712 1946 2734 terremotu
1966 2723 1998 2726 —
2022 2716 2060 2733 10.
2080 2710 2128 2733 ubi
2148 2717 2216 2741 agg.

388 2753 417 2775 <li
430 2753 522 2781 prima
543 2760 616 2775 mano
635 2752 843 2776 nell'interlineo
863 2752 889 2775 in
909 2753 932 2775 A
953 2760 982 2775 su
1003 2758 1054 2782 que
1068 2753 1177 2775 cancell.
1191 2760 1236 2775 con
1257 2761 1288 2774 un
1309 2752 1372 2783 rigo
1386 2765 1393 2769 -
1408 2753 1525 2782 quedam
1547 2761 1614 2784 agg.
1635 2753 1664 2776 di
1677 2753 1769 2782 prima
1790 2761 1864 2776 mano
1884 2752 2090 2776 nell’interlineo
2105 2752 2131 2774 in
2144 2752 2168 2774 A
2184 2763 2216 2768 ——

393 2801 479 2825 ¹²·14·
499 2794 677 2817 Eodem....
697 2795 890 2817 moriebantur
910 2802 957 2817 om.
978 2794 1055 2818 MUR.
1076 2807 1107 2810 —
1129 2799 1171 2823 31.
1191 2795 1305 2817 maximi
1328 2794 1460 2825 ponderis
1482 2794 1594 2818 BMun.
1614 2807 1625 2812 -
1644 2794 1757 2825 quidem
1778 2795 1800 2818 A
1815 2795 1839 2817 Β
1858 2807 1889 2811 -—
1911 2800 1952 2825 3²-
1973 2794 2085 2824 quidem
2108 2793 2131 2816 A
2145 2794 2169 2816 B
2183 2806 2214 2809 —

389 2835 478 2867 36-37.
498 2836 576 2859 Tunc
589 2854 593 2859 .
669 2836 841 2859 christianus
861 2844 928 2867 agg.
949 2836 979 2858 di
997 2836 1089 2865 prima
1109 2844 1182 2859 mano
1202 2837 1245 2859 nel
1264 2836 1387 2867 margine
1407 2837 1433 2858 in
1452 2837 1476 2859 A
1499 2850 1528 2853 —
1549 2836 1591 2868 38.
1611 2836 1645 2859 ad
1666 2845 1733 2867 agg:
1754 2837 1780 2859 in
1800 2837 1897 2859 minuto
1916 2839 2053 2859 carattere
2072 2844 2100 2859 su
2119 2842 2135 2865 p
2155 2843 2215 2858 can-

389 2880 486 2902 cellato
505 2887 550 2902 con
570 2879 632 2909 rigo
652 2879 678 2901 iu
698 2879 721 2901 A
742 2891 774 2895 —
794 2884 835 2908 40¹
856 2877 1007 2901 millesimo
1028 2879 1055 2900 et
1074 2886 1121 2901 om.
1141 2877 1219 2901 MUR.
1242 2891 1273 2895 —-
1293 2884 1325 2908 42
1356 2878 1460 2901 Eodem
1482 2879 1634 2901 millesimo
1654 2879 1693 2908 etl
1714 2879 1755 2901 De
1775 2879 1852 2902 Mun.
2246 2881 2259 2906 5

478 2977 483 2991 “
506 2979 599 3002 Villae
622 2980 649 3001 in
671 2977 814 3003 CarinzIa.
1418 2976 1428 2992 ³
1449 2979 1585 3009 Trapanl¹

478 3019 487 3032 ²
507 3020 591 3043 Cina.
