2360 3603
783 236 1094 272 CHRONICON
1122 236 1289 271 ESTEN
1293 236 1350 272 SE

240 366 373 398 Eodem
396 367 589 400 millesimo.
635 367 814 399 Exercitus
838 368 967 399 domini
991 368 1257 410 Archiepiscopi
1282 368 1431 399 existens
1459 369 1552 400 circa
1582 369 1755 401 civitatem
1788 371 1911 402 Ymole
1939 378 1971 402 et

153 419 336 451 Consilicis
352 422 370 460 ¹,
402 427 436 451 et
467 432 534 452 non
565 421 682 452 valens
714 421 844 462 aliquid
876 421 1069 464 acquirere,
1100 427 1133 452 et
1164 421 1342 452 intrinseci
1375 422 1455 452 ideo
1487 433 1554 453 non
1587 424 1791 463 spectabant
1822 424 1969 466 aliquem

151 482 327 504 sucursum
351 473 494 505 alicuius
518 474 634 515 partis,
650 473 728 504 ideo
745 474 918 514 petierunt
934 480 1109 516 treuguam
1127 485 1233 516 usque
1252 474 1294 506 ad
1313 474 1450 505 cer'tum
1469 481 1613 516 tempus,
1636 486 1668 506 et
1684 476 1812 517 spirata
1829 484 1971 520 treugua

154 525 345 557 habuerunt
369 532 515 557 castrum
539 526 736 558 Consilicis.

110 576 127 608 5
240 579 370 610 Eodem
395 579 585 610 millesimo.
633 578 813 610 Exercitus
836 580 964 620 prefati
987 579 1255 621 Archiepiscopi
1278 581 1421 623 ingressi
1444 587 1521 611 sunt
1544 591 1660 612 versus
1684 583 1892 614 Florentiam
1912 594 1973 624 per

151 631 240 662 viam
265 631 436 668 sambuce,
461 632 626 669 Peteccii‚
651 632 778 663 deinde
802 632 922 673 Campi
947 639 979 662 et
1003 632 1195 664 Peretolam
1211 633 1221 649 ²
1246 634 1338 673 apud
1369 633 1577 665 Florentiam
1603 635 1646 665 ad
1670 644 1693 664 v
1717 635 1885 673 milliaria,
1916 636 1972 667 ubi

151 685 273 715 morati
296 689 375 716 sunt
397 684 552 725 pluribus
575 684 697 716 diebus
720 695 797 715 cum
820 685 970 715 maximo
994 685 1129 717 sinistro
1152 686 1264 722 famis,
1289 686 1368 727 quia
1393 686 1499 716 nichil
1523 687 1731 718 invenerunt
1746 688 1780 718 in
1799 689 1971 720 comitam.

149 736 378 769 Vendebatur
410 737 445 768 in
481 737 636 768 exercitu
671 737 760 769 libra
796 738 909 768 carnis
944 738 1023 779 equi
1054 738 1181 769 solidos
1216 748 1239 769 V
1275 738 1548 775 bononiensium;
1581 739 1709 770 deinde
1740 748 1969 779 recesserunt,

150 796 183 821 et
205 790 350 832 ingressi
374 797 450 821 sunt
473 789 696 821 Barbarinum
719 791 761 822 de
786 790 965 832 Mugiello‚
990 797 1024 822 et
1048 797 1124 831 post
1149 791 1282 833 aliquos
1309 791 1381 822 dies
1406 791 1622 833 Scarpariam
1637 792 1647 808 ³
1671 793 1764 824 circa
1780 804 1879 835 quam
1905 802 1972 826 ste-

150 849 264 874 terunt
287 843 443 884 pluribus
469 843 600 879 diebus,
623 844 702 885 quia
726 843 961 875 habundantia
984 850 1057 874 erat
1080 844 1126 875 ibi
1151 845 1306 877 maxima.

236 896 370 928 Eodem
394 896 575 927 millesimo
599 902 634 927 et
663 906 778 927 mense
809 896 1025 937 septembris.
1071 896 1197 928 Veneti
1229 897 1375 928 scientes
1406 897 1448 928 de
1479 898 1632 929 exercitu
1656 899 1890 940 Januensffim,
1916 903 1972 944 qui

148 954 222 979 erat
246 949 341 980 circa
366 949 627 991 Nigropontem‚
653 955 686 979 et
709 948 802 989 quod
826 949 893 979 iam
918 956 1201 991 expugnaverant
1223 950 1407 987 civitatem,
1431 950 1615 982 timuerunt
1639 962 1681 982 ne
1707 958 1854 983 castrum
1886 953 1972 985 obti-

149 1007 281 1039 nerent,
305 1008 340 1034 et
362 1003 475 1033 statim
501 1002 700 1033 direxerunt
724 1002 759 1032 in
782 1001 968 1033 subsidium
994 1002 1096 1033 castri
1122 1011 1196 1032 xxx
1220 1002 1338 1044 galias,
1363 1009 1396 1033 et
1420 1012 1538 1034 xxxin
1553 1005 1661 1045 galias
1678 1005 1791 1036 adhuc
1809 1013 1971 1047 expecta-

147 1055 231 1086 bant
254 1055 288 1086 in
312 1066 429 1087 eorum
454 1055 608 1086 subsidio
633 1065 650 1085 a
674 1064 757 1097 rege
782 1055 993 1097 Aragonum,
1018 1055 1073 1097 qui
1099 1056 1143 1086 de
1169 1066 1285 1086 eorum
1310 1055 1378 1097 liga
1401 1062 1484 1087 erat.

234 1108 366 1140 Eodem
389 1108 571 1139 millesimo
595 1114 628 1139 et
651 1117 778 1139 mense.
824 1108 987 1150 Treugua
1011 1108 1104 1139 facta
1129 1114 1180 1138 est
1202 1108 1291 1139 inter
1315 1109 1400 1140 duos
1423 1119 1534 1151 reges
1552 1109 1714 1142 videlicet
1729 1121 1845 1153 regem
1864 1113 1969 1144 Fran-

148 1171 277 1198 corum,
302 1167 336 1192 et
359 1171 474 1203 regem
499 1161 626 1203 Anglie
650 1171 772 1201 per...
787 1185 794 1191 .
810 1185 817 1192 .
842 1171 959 1201 annm,
985 1167 1019 1192 et
1041 1166 1188 1203 treugua
1212 1161 1319 1198 facta,
1345 1162 1503 1193 fecerunt
1526 1163 1739 1204 parentelam
1765 1171 1829 1196 etc.

233 1214 363 1245 Eodem
387 1214 579 1249 millesim0;
605 1214 648 1245 de
673 1224 789 1245 mense
821 1214 984 1246 octubris.
1032 1214 1213 1245 Exercitus
1232 1213 1502 1255 Archiepiscopi
1527 1215 1677 1256 predicti
1701 1217 1854 1249 existens
1878 1218 1971 1250 circa

143 1267 388 1308 Scarpariam⁴
413 1268 591 1299 districtus
615 1267 904 1303 Florentinorum,
930 1274 964 1298 et
987 1278 1054 1298 non
1079 1267 1196 1298 valens
1220 1278 1279 1298 sue
1304 1268 1504 1299 intentionis
1527 1268 1654 1299 habere
1678 1269 1855 1308 effectum,
1879 1271 1972 1303 ince-

144 1327 268 1361 perunt
291 1321 393 1352 alium
416 1326 600 1352 tractatum
623 1320 659 1350 in
685 1320 824 1352 civitate
842 1320 1016 1352 Florentie
1035 1326 1068 1351 et
1090 1320 1239 1357 Pistorii,
1257 1320 1315 1362 qui
1331 1320 1529 1362 propalatus
1553 1321 1635 1358 fuit;
1661 1328 1693 1353 et
1716 1324 1809 1364 capti
1832 1324 1971 1356 fuerunt

78 1374 120 1404 20
143 1373 372 1415 prodictores,
396 1374 532 1405 scilicet
556 1374 687 1414 Lippus
711 1372 895 1404 Amannati
921 1371 962 1404 et'
977 1373 1048 1410 alii,
1072 1380 1105 1404 et
1128 1374 1283 1414 suspensi
1307 1374 1448 1404 fuerunt
1470 1375 1514 1405 ad
1538 1375 1664 1406 furcas.

229 1427 361 1458 Eodem
386 1426 581 1463 millesimo,
604 1427 659 1458 die
685 1426 762 1457 xVI⁰
785 1426 914 1458 mensis
937 1426 1099 1458 octubris.
1144 1426 1308 1458 Dominus
1332 1426 1443 1468 Obico
1468 1428 1622 1459 marchio
1655 1429 1796 1460 estensis
1820 1435 1886 1462 etc.
1910 1431 1974 1463 ivit

141 1478 320 1520 Abaciam,
344 1479 403 1511 ubi
426 1480 652 1521 personaliter
676 1479 771 1511 venit
795 1479 954 1510 dominus
978 1478 1081 1510 Canis
1106 1479 1253 1510 Grandis
1277 1480 1319 1510 de
1342 1480 1377 1510 la
1401 1480 1502 1511 Scala
1527 1480 1571 1510 ad
1594 1481 1842 1521 parlamentum
1868 1490 1933 1515 etc.

228 1533 362 1565 Eodem
386 1533 577 1569 millesimo,
602 1532 711 1563 XV111⁰
735 1533 860 1564 mensis
883 1532 1046 1563 octubris.
1092 1532 1177 1564 Cum
1203 1532 1374 1564 exercitus
1390 1532 1541 1574 predicti
1558 1534 1687 1565 domini
1704 1534 1967 1577 Archiepiscopi

143 1586 179 1616 in
209 1585 364 1626 partibus
387 1585 514 1617 Tuscie
538 1585 671 1627 aliquid
696 1595 763 1617 non
794 1584 956 1616 valebant
986 1586 1178 1628 acquirere,
1203 1591 1420 1617 recesserunt
1450 1591 1484 1617 et
1507 1587 1635 1618 reversi
1660 1594 1737 1619 sunt
1768 1588 1968 1621 Bononiam.

77 1639 117 1669 25
141 1638 241 1670 Tunc
266 1639 456 1670 Florentini
481 1639 724 1670 destruxerunt
748 1639 869 1669 multas
895 1649 1010 1670 eorum
1036 1638 1217 1670 fortilicias
1242 1644 1306 1670 etc.

228 1691 360 1723 Eodem
384 1692 575 1728 millesimo,
593 1691 651 1722 die
676 1692 755 1722 XX1⁰
778 1691 902 1723 mensis
933 1691 1094 1723 octubris.
1140 1692 1232 1734 Ignis
1264 1691 1332 1723 fuit
1355 1692 1390 1723 in
1414 1692 1545 1733 palatio
1568 1694 1722 1725 comunis
1746 1694 1911 1733 Bononie‚
1933 1697 1967 1727 in

142 1745 217 1776 loco
240 1745 297 1776 ubi
321 1744 426 1776 stetit'
452 1751 648 1776 carceratus
671 1744 707 1775 in
731 1751 885 1785 tempore
911 1745 1026 1786 elapso
1050 1754 1115 1775 rex
1138 1745 1311 1776 Henricus
1335 1751 1399 1776 etc.

226 1798 359 1829 Eodem
383 1798 562 1829 millesimo
593 1798 721 1829 CCCL10.
766 1798 933 1829 Dominus
964 1809 1055 1839 papa
1079 1798 1239 1829 Clemens
1263 1797 1340 1828 VI¹¹S
1365 1799 1547 1830 destinavit
1577 1800 1771 1831 Ferrariam
1796 1801 1970 1833 dominum

144 1851 344 1883 Niccolaum
371 1849 583 1882 Moresinum
615 1851 658 1881 de
681 1850 837 1882 Venetiis
862 1857 895 1882 et
919 1850 1079 1882 dominus
1103 1851 1236 1882 abatem
1268 1851 1377 1882 sancti
1403 1851 1572 1894 Niccolay
1596 1853 1639 1884 de
1662 1853 1786 1895 Lydo⁵
1811 1856 1968 1886 commis-

74 1905 116 1935 30
138 1904 246 1936 sarios
270 1903 399 1935 domini
423 1904 517 1945 Pape
541 1904 585 1934 ad
618 1903 866 1935 adfirmandum
890 1909 985 1935 certa
1009 1910 1110 1944 pacta
1139 1904 1227 1935 inter
1252 1904 1426 1935 dominum
1453 1904 1590 1946 Papam,
1614 1912 1647 1937 et
1672 1906 1844 1938 dominum
1876 1908 1969 1939 Mar-

139 1957 296 1988 chionem
321 1956 509 1999 Obiconem
534 1963 712 1994 estensem,
737 1957 794 1999 qui
825 1957 984 1988 dominus
1007 1957 1167 1988 Marchio
1193 1957 1405 1988 confirmavit
1437 1958 1561 1994 omnia,
1585 1968 1651 2000 que
1676 1959 1720 1990 ab
1752 1970 1792 1991 eo
1823 1961 1969 2001 petierat

142 2010 302 2042 dominus
324 2010 419 2051 Papa
444 2017 511 2041 etc.

229 2063 361 2095 Eodem
377 2063 570 2101 millesimo,
594 2063 651 2094 die
675 2064 745 2094 V11⁰
769 2063 896 2095 mensis
913 2062 1120 2095 novembris.
1168 2063 1333 2094 Dominus
1349 2064 1451 2095 Canis
1477 2064 1626 2095 Grandis
1644 2064 1688 2096 de
1712 2065 1745 2096 la
1770 2066 1872 2098 Scala
1890 2077 1966 2098 cum

138 2116 292 2147 exercitu
315 2116 376 2147 ivit
399 2116 495 2147 circa
526 2122 638 2147 castra
662 2123 695 2147 et
724 2126 827 2157 super
850 2116 1025 2148 territorio
1062 2116 1192 2147 domini
1218 2116 1410 2147 Guillielmi
1433 2116 1476 2148 de
1501 2117 1744 2150 Castro-barco
1769 2119 1802 2149 in
1827 2119 1968 2158 Tremo,

75 2169 115 2200 35
142 2169 266 2200 deinde
290 2170 468 2200 redierunt
491 2169 666 2201 Veronam
690 2176 755 2200 ete.

227 2222 360 2253 Eodem
376 2221 554 2253 millesimo
578 2228 613 2254 et
635 2223 669 2253 in
688 2223 752 2253 hiis
776 2222 908 2260 diebus,
933 2229 1032 2254 natus
1048 2229 1100 2253 est
1116 2223 1203 2253 filius
1220 2223 1340 2253 unicus
1357 2222 1529 2254 masculus
1554 2224 1694 2255 domino
1713 2225 1844 2267 Galeac
1860 2225 1968 2257 Vice-

140 2275 265 2312 comiti‚
290 2275 331 2306 de
357 2275 453 2306 euius
476 2275 615 2306 natione
639 2281 755 2306 notum
781 2275 865 2307 fecit
889 2275 1028 2306 domino
1053 2275 1245 2306 marchioni
1269 2275 1429 2317 Obiconi‚
1453 2276 1510 2317 qui
1535 2276 1679 2318 largitus
1703 2283 1753 2308 est
1777 2278 1903 2310 nuncio
1920 2289 1968 2310 Lx

90 843 126 874 lo

86 1107 122 1138 15

228 2412 250 2428 2.
271 2406 457 2436 expectabant
477 2405 554 2429 Mun.
576 2418 607 2422 —-
627 2405 652 2429 6.
667 2406 759 2435 prima
780 2407 809 2429 di
827 2406 984 2429 Peretolam
1005 2406 1030 2428 iu
1052 2407 1074 2429 A
1100 2406 1201 2429 Perota
1221 2407 1330 2429 cancell.
1350 2414 1394 2429 con
1415 2414 1447 2429 un
1474 2407 1536 2436 rigo
1563 2419 1571 2423 -
1597 2408 1624 2430 et
1649 2416 1740 2431 manca
1766 2408 1792 2430 in
1818 2409 1844 2431 Β
1857 2409 1932 2432 Mra.
1957 2422 1966 2426 -

139 2446 269 2471 Peretola
288 2447 366 2472 Mun.
387 2461 418 2464 —
441 2454 481 2470 ιι.
501 2448 655 2471 millesimo
674 2450 702 2471 et
721 2457 768 2471 om.
789 2447 866 2472 Mun.
889 2462 896 2465 -
917 2449 1066 2471 Lanuenses
1086 2448 1162 2471 Mun.
1184 2461 1213 2463 —
1238 2454 1277 2470 12.
1298 2447 1456 2479 civitatem]
1478 2450 1599 2472 castrum
1615 2449 1637 2471 A
1651 2450 1719 2472 Β-
1739 2456 1776 2480 15-
1790 2450 1910 2474 Eodem.
1923 2468 1948 2476 ..
1962 2470 1967 2475 .

140 2496 234 2512 mense
253 2498 301 2513 om.
321 2489 397 2513 Mun.
419 2502 451 2507 —
473 2489 512 2512 16.
531 2491 628 2513 lacuna
649 2490 672 2513 A
687 2490 798 2514 BMUR.
820 2504 851 2506 —
874 2497 912 2521 19.
934 2490 1059 2514 Florent.
1079 2491 1116 2514 A:
1137 2485 1368 2513 Florentinornm
1390 2490 1501 2514 BMun.
1523 2505 1553 2507 —
1576 2497 1616 2514 20.
1637 2491 1757 2523 Lippum
1770 2511 1774 2516 .
1787 2511 1792 2515 .
1805 2511 1827 2515 ..
1847 2495 1873 2516 et
1894 2493 1966 2516 alios

142 2532 165 2555 A
178 2532 203 2554 B
222 2544 254 2547 —-
275 2538 316 2562 23.
335 2531 439 2554 Eodem
460 2531 625 2563 millesimo]
647 2532 700 2555 Die
721 2532 797 2555 Mt‘R.
818 2545 847 2549 —
870 2538 912 2562 27.
930 2534 956 2556 iu
977 2533 1001 2555 A
1020 2533 1050 2555 di
1068 2541 1141 2555 mano
1161 2533 1206 2555 dci
1223 2540 1286 2555 secr.
1308 2533 1455 2555 XIV-XV
1468 2534 1497 2555 al
1516 2534 1623 2562 disosra
1643 2534 1656 2556 ὲ
1676 2542 1759 2565 agga
1779 2535 1898 2558 mentius
1919 2544 1966 2559 rex

94 2580 107 2604 5
140 2573 272 2596 Sardinie
292 2574 322 2596 ut
343 2574 372 2595 in
392 2574 514 2604 epistola
534 2573 612 2596 Petri
637 2573 670 2596 (le
690 2573 788 2597 Vincis
810 2587 840 2590 —
862 2573 902 2597 28.
923 2573 1017 2598 cch1⁰
1036 2583 1083 2597 om.
1105 2575 1216 2598 BMUR.
1239 2587 1269 2590 -
1289 2581 1330 2604 30.
1351 2574 1515 2597 firmandum
1536 2574 1648 2598 BMcn.
1668 2588 1699 2591 —
1719 2582 1808 2608 30-31.
1830 2576 1968 2609 Marchio]

140 2613 270 2638 Marchio
289 2613 378 2638 Obizo
397 2614 509 2639 BMUR.
529 2628 560 2631 —-
580 2621 623 2645 31.
643 2615 708 2644 dopo
728 2615 860 2638 dominus
879 2616 905 2638 in
926 2616 950 2639 A
970 2624 1051 2647 segue
1072 2616 1174 2639 march.
1194 2618 1247 2639 etc.
1267 2617 1378 2639 cancell.
1397 2624 1442 2639 con
1462 2624 1494 2639 un
1515 2617 1577 2647 rigo

223 2715 232 2731 ¹
253 2715 403 2740 Conselice
422 2724 437 2739 a
460 2716 491 2739 16
510 2716 558 2740 kil.
579 2717 614 2740 da
634 2716 714 2747 Lugo
734 2724 748 2740 e
768 2724 801 2747 44
820 2717 854 2740 da
876 2717 1022 2742 Ravenna.

224 2756 234 2772 ‘²
254 2759 390 2782 Sambuca
410 2758 547 2781 Pistoiese
566 2765 580 2781 e
599 2758 724 2789 Piteglio
745 2759 990 2789 rispettivatnente
1009 2768 1023 2783 a

135 2807 169 2831 30
188 2807 202 2823 e
221 2808 236 2824 a
257 2807 289 2830 ²4
310 2800 359 2823 kil.
379 2801 414 2823 da
434 2800 560 2829 Pistoiag
581 2800 690 2832 Campo
711 2800 847 2824 Bisenzio
866 2808 882 2824 a
896 2801 974 2825 6kil.
990 2802 1023 2826 da

1075 2717 1221 2748 Scarperia
1247 2717 1296 2741 che
1321 2717 1396 2748 dopo
1423 2718 1490 2741 vani
1510 2718 1611 2742 assalti
1630 2726 1721 2743 venne
1744 2720 1817 2743 tolto
1839 2720 1908 2751 (cosi
1930 2721 1966 2745 da

1078 2768 1133 2783 una
1153 2759 1252 2782 lettera
1267 2759 1342 2782 della
1356 2760 1490 2791 Signoria
1504 2760 1532 2783 di
1547 2760 1675 2787 Firenze)
1695 2762 1715 2784 il
1737 2767 1765 2792 17
1782 2763 1903 2786 ottobre.
1917 2770 1965 2794 per

1077 2803 1188 2824 ritrarsi
1210 2809 1225 2824 a
1246 2801 1383 2833 Bologna.
1422 2802 1550 2826 Secondo
1577 2803 1596 2825 il
1625 2803 1736 2827 Villani
1762 2805 1880 2835 (istm-ie.
1902 2805 1964 2829 [ΝΒ.

78 2846 108 2863 10

135 2842 265 2866 Peretola
286 2849 299 2866 e
319 2850 334 2866 a
358 2849 386 2865 13
408 2843 443 2865 da
462 2842 588 2865 Firenze.

224 2883 234 2898 3
255 2885 402 2916 Scarperia
416 2893 429 2907 e
444 2885 598 2908 Barberino
612 2885 639 2908 di
655 2885 782 2916 Mugcllo
797 2887 1023 2916 rispettivamen-

135 2929 162 2951 te
182 2935 196 2950 a
218 2926 268 2951 kil.
289 2934 322 2958 29
342 2933 356 2949 e
375 2933 408 2957 34
427 2927 462 2950 da
481 2927 605 2950 Firenze.

225 2970 234 2985 ⁴
256 2969 320 2992 Non
342 2970 461 2992 riuscito
483 2969 504 2992 il
524 2971 669 2992 tentativo
689 2971 790 2993 contro
810 2970 934 2998 Firenze,
955 2970 1024 2993 ivi-

136 3011 245 3033 seontei
268 3011 287 3033 il
311 3017 342 3033 zo
369 3012 469 3041 agosto
488 3018 573 3034 erano
594 3011 637 3034 nel
664 3011 789 3042 Mugello
816 3011 977 3035 all’assedio
994 3012 1023 3035 di

1081 2846 1120 2869 ll.
1138 2844 1198 2873 SS„
1220 2844 1292 2874 XIV,
1309 2844 1368 2875 121)
1382 2845 1409 2868 la
1424 2847 1558 2877 partenza
1571 2853 1698 2869 avrenne
1712 2847 1732 2869 il
1746 2847 1851 2877 giorno
1865 2849 1964 2878 prima.

1079 2887 1124 2911 Cf.
1144 2888 1177 2910 A.
1198 2887 1348 2915 Sonumm,
1367 2891 1407 2916 op.
1427 2889 1480 2913 cit..
1500 2895 1527 2919 p.
1547 2895 1606 2918 342.

1165 2927 1176 2943 ⁵
1197 2928 1318 2952 Niccolb
1339 2929 1479 2953 Morosini
1505 2929 1687 2961 (1336-1367),
1710 2939 1829 2955 vescovo
1857 2933 1883 2955 di
1911 2932 1964 2956 Ca-

1078 2970 1161 2993 stello
1182 2970 1332 3001 (Venezia)
1351 2978 1364 2993 e
1385 2970 1547 2994 Raimondo
1568 2973 1647 2995 abate
1669 2972 1698 2995 di
1719 2974 1745 2996 S.
1771 2972 1891 2997 Nicvolo
1918 2973 1963 2996 del

1080 3013 1168 3042 Litlo3
1189 3013 1222 3036 A.
1243 3013 1351 3037 szzx.
1373 3014 1452 3036 illvm.
1473 3022 1522 3037 ccc.
1542 3015 1571 3037 ‹1'1'
1592 3015 1711 3038 Ferrum
1731 3015 1788 3044 eit.t
1803 3015 1849 3045 111,
1864 3023 1888 3047 p.
1903 3016 1964 3046 315.

1993 2938 2025 2955 20

2054 389 2073 403 c.
2090 386 2126 407 156
2136 390 2149 402 r

2041 489 2115 514 Μυκ,
2130 491 2167 513 ,μδ

2044 1766 2064 1782 c.
2079 1762 2117 1783 136
2128 1766 2141 1779 ν
