2360 3603
201 406 220 419 c.
236 400 293 423 138r

205 1304 279 1325 Mum,
296 1308 333 1326 471

217 2266 236 2279 c.
252 2260 313 2283 ηὸτι

390 263 458 297 184
1012 256 1315 293 CHRONICON
1349 257 1576 291 ESTENSE
2039 262 2089 296 [A.
2111 263 2202 297 1352]

382 394 465 425 fecit
489 391 659 434 patruum'
684 402 792 429 suum,
808 391 864 432 qui
891 396 964 421 erat
987 391 1020 420 in
1046 389 1254 421 contrarium
1280 389 1323 424 ei,
1348 394 1381 419 et
1404 389 1470 419 hoc
1496 389 1589 419 facto
1614 388 1796 420 destinavit
1819 388 1982 420 nuncium
2007 398 2100 419 suum
2118 389 2201 420 Cur-

381 453 496 478 tonam
528 445 583 476 ubi
616 450 710 475 erant
741 449 861 485 gentes
893 442 1147 483 archiepiscopi
1179 441 1381 478 Mediolani,
1413 440 1610 482 significans
1640 440 1699 476 eis,
1730 446 1767 471 ut
1797 440 2004 472 festinanter
2034 441 2203 472 accedant

382 499 555 530 civitatem
579 497 836 534 Urbis-veteris,
861 506 963 537 quam
986 496 1059 535 ipse
1083 495 1238 525 traderet
1268 494 1327 530 eis,
1357 499 1390 524 et
1422 493 1471 524 sic
1502 493 1662 524 fecerunt
1693 499 1737 531 et,
1769 502 1844 524 cum
1877 493 1924 524 ibi
1955 494 2202 534 pervenissent,

382 551 556 593 predictus
579 549 726 581 Bornius
749 549 891 580 tradidit
915 549 962 579 eis
987 547 1161 579 civitatem
1186 546 1444 583 Urbis-veteris,
1473 552 1525 578 set
1555 551 1631 586 post
1662 556 1791 586 paucos
1822 545 1894 576 dies
1924 546 2077 587 Populus
2108 546 2202 577 dicte

382 603 529 635 civitatis
552 602 774 643 expulserunt
799 602 842 632 de
868 601 1009 632 civitate
1034 610 1152 631 omnes
1175 599 1352 641 predictos
1375 600 1541 630 forenses.

469 656 599 687 Eodem
631 654 818 691 millesimo,
850 653 905 685 die
940 656 1018 683 xrss⁰
1055 652 1180 683 mensis
1210 651 1324 682 madii.
1372 651 1536 682 Dominus
1567 652 1718 682 marchio
1749 650 2030 682 Aldrovandinus
2063 651 2205 682 estensis

381 710 553 751 ingressus
579 714 629 740 est
652 707 819 739 Abaciam
844 706 1016 737 districtus
1043 705 1198 746 Roffigfi,
1229 704 1286 735 ubi
1318 704 1462 735 accessit
1495 705 1652 736 dominus
1682 704 1785 735 Canis
1817 705 1861 735 de
1894 704 1925 734 la
1957 704 2070 742 Scala,
2103 714 2206 735 causa

384 762 487 793 eundi
512 761 677 792 Venetias
700 760 744 791 ad
767 759 890 791 festum
917 758 1172 796 Adscensionis,
1196 763 1231 788 et
1253 757 1362 798 ipsum
1388 756 1580 793 honoravit,
1604 762 1638 788 et
1661 756 1834 798 ingressus
1859 762 1908 788 est
1933 767 2008 788 curn
2034 767 2073 788 eo
2099 766 2205 799 usque

384 815 569 857 Rodigium
593 820 657 846 etc.

470 868 601 899 Eodem
624 867 817 902 millesimo,
841 866 894 896 die
920 865 1023 896 xxvr⁰
1047 864 1173 895 mensis
1197 864 1314 896 madii.
1359 864 1525 896 Dominus
1558 864 1764 895 Franciscus
1786 863 1940 894 marchio
1965 863 2107 895 estensis
2138 869 2204 895 etc.

383 922 533 952 existens
556 926 652 952 extra
676 919 868 950 Ferrariam
894 924 929 949 ut
953 929 1066 959 supra,
1100 923 1133 948 et
1156 917 1275 948 volens
1298 917 1413 948 redire
1445 917 1480 947 in
1506 916 1684 948 civitatem
1707 917 1875 954 Ferrarie‚
1900 916 2013 948 taliter
2037 917 2209 948 ordinavit

382 984 459 1005 cum
483 984 588 1005 uxore
613 983 673 1004 sua
697 972 835 1003 domina
865 971 1035 1003 Catellina
1050 972 1070 1008 ¹,
1094 971 1187 1011 quod
1217 970 1312 1001 dicta
1336 970 1474 1001 domina
1498 970 1631 1011 incepit
1654 970 1829 1011 quoddam
1852 975 2034 1001 tractatum
2057 970 2092 1000 in
2117 976 2207 1001 terra

384 1027 540 1058 Bondeni
563 1025 739 1057 districtus
763 1024 920 1056 Ferrarie
945 1034 1022 1054 cum
1040 1023 1187 1054 Girardo
1205 1023 1248 1054 de
1265 1022 1426 1054 Maraciis
1450 1023 1494 1054 de
1519 1022 1653 1053 Mutina
1670 1022 1862 1053 habitatore
1886 1021 1980 1054 dicte
2006 1029 2095 1054 terre
2119 1022 2208 1053 Bon-

383 1081 464 1111 deni
489 1086 522 1110 et
545 1079 632 1117 aliis,
656 1078 776 1121 quibus
800 1078 893 1109 dicta
918 1077 1057 1108 domina
1081 1076 1188 1114 dedit,
1212 1082 1246 1107 et
1269 1076 1370 1107 solvit
1393 1076 1541 1117 aliquam
1570 1077 1792 1117 quantitatem
1818 1075 1977 1116 pecunie,
2001 1075 2210 1117 promictens

384 1133 483 1165 etiam
508 1132 558 1163 eis
582 1132 648 1162 alia
672 1131 795 1162 muita:
821 1136 962 1172 propter
986 1130 1079 1171 quod
1103 1129 1252 1170 predicti
1277 1128 1468 1160 habitantes
1487 1128 1645 1160 Bondeni
1670 1129 1805 1160 tradere
1829 1128 2002 1160 debebant
2025 1129 2056 1159 ei
2081 1128 2208 1159 dictam

384 1193 515 1217 terram.
555 1184 694 1216 Accidit
711 1191 790 1215 tunc
808 1194 916 1220 casus,
934 1183 1027 1225 quod
1044 1182 1207 1214 Giraldus
1224 1188 1257 1213 et
1273 1182 1332 1213 alii
1350 1181 1548 1213 dividebant
1565 1181 1744 1223 pecuniam
1771 1182 1819 1212 eis
1842 1181 1987 1213 solutam
2004 1192 2065 1222 per
2083 1181 2208 1213 dictam

385 1239 567 1274 dominam,
590 1244 625 1268 ut
649 1237 794 1279 quilibet
818 1236 960 1268 haberet
984 1241 1113 1277 partem
1131 1246 1240 1271 suam3
1266 1235 1309 1266 de
1327 1245 1393 1276 quo
1419 1235 1638 1276 perpendens
1661 1235 1809 1276 quedam
1834 1245 1932 1266 soror
1955 1234 2041 1266 dicti
2066 1233 2210 1271 Giraldi,

384 1292 471 1323 dixit
494 1291 564 1322 eis:
590 1290 688 1332 „Quid
699 1289 824 1332 facitis
848 1289 943 1320 unde*
968 1289 1128 1319 habuistis
1152 1292 1201 1319 tot
1223 1287 1405 1319 denarios?
1437 1292 1527 1319 certe
1551 1298 1618 1329 ego
1646 1287 1804 1319 accusabo
1835 1298 1900 1319 vos.
1948 1286 2018 1324 Qui
2051 1287 2211 1319 Giraldus

384 1346 532 1376 minatus
550 1349 600 1376 est
618 1344 648 1375 ei
666 1343 909 1378 vehementem
928 1347 1138 1384 quapropter
1155 1341 1248 1373 dicta
1265 1341 1386 1371 mulier
1403 1341 1561 1372 celeriter
1578 1341 1731 1382 ingressa
1747 1347 1796 1372 est
1812 1340 1987 1371 Ferariam
2004 1341 2049 1372 ad
2074 1340 2209 1372 domum

385 1397 514 1430 domini
545 1397 718 1428 Bonefatii
749 1396 791 1427 de
824 1395 968 1426 Ariostis
996 1394 1157 1425 avuncuii
1189 1394 1397 1425 marchionis
1428 1394 1692 1431 Afflrovaudini,
1717 1393 1849 1435 sibique
1875 1393 2048 1425 accusavit
2071 1394 2212 1425 fratrem

386 1462 481 1482 suum
507 1450 695 1487 Giraldum‚
718 1448 797 1491 quia
820 1448 915 1480 dicta
944 1447 1068 1478 mulier
1098 1447 1309 1488 presciverat
1339 1452 1532 1478 tractatum.
1578 1447 1679 1477 Tunc
1712 1446 1868 1478 dominus
1899 1446 2100 1478 Bonefatius
2123 1446 2212 1478 misit

383 1510 503 1546 gentes
527 1513 603 1534 suas
626 1502 841 1538 Bondenum‚
866 1507 900 1533 et
924 1500 1072 1533 conduci
1097 1500 1183 1532 fecit
1209 1500 1320 1531 dictos
1343 1500 1561 1540 prodictores
1584 1499 1787 1537 Ferrariam,
1812 1505 1845 1530 et
1868 1499 1950 1541 poni
1975 1500 2019 1530 ad
2035 1504 2211 1537 torturam,

385 1557 441 1599 qui
465 1556 613 1587 confessi
637 1557 785 1593 fuerunt,
810 1555 903 1596 quod
927 1553 1065 1585 domina
1093 1553 1266 1585 Katellina
1298 1552 1374 1583 dari
1400 1553 1533 1584 fecerat
1557 1552 1658 1584 dictis
1681 1552 1725 1584 de
1751 1553 1863 1584 causis
1887 1553 2044 1594 predicto
2070 1552 2212 1584 Giraldo

387 1610 489 1642 libras
506 1619 552 1640 XL
576 1608 845 1645 bononiensium,
870 1617 953 1649 quas
977 1606 1120 1638 dederat
1143 1606 1174 1637 ei
1197 1616 1252 1637 ser
1276 1605 1347 1636 Pax
1372 1605 1576 1637 camerarius
1599 1605 1689 1636 dicte
1715 1604 1862 1636 domine.
1910 1604 1981 1642 Qui
2005 1611 2126 1647 captus
2149 1604 2215 1636 fuit

385 1670 418 1696 et
442 1663 621 1695 confessus
645 1662 722 1699 fuit,
745 1661 839 1703 quod
862 1660 911 1692 ita
935 1666 1026 1696 erat;
1052 1666 1085 1691 et
1115 1660 1206 1690 ultra
1231 1660 1375 1690 dederat
1407 1659 1589 1700 capitaneo
1614 1666 1712 1700 porte
1736 1658 1846 1690 sancti
1871 1659 1982 1690 Blaxii
2006 1659 2151 1690 ducatos
2174 1668 2211 1690 VI

385 1717 470 1754 auri,
493 1717 552 1758 qui
575 1716 658 1746 dare
676 1714 824 1746 debebat
838 1719 1038 1756 yntroytum
1063 1713 1157 1744 dicte
1173 1718 1274 1754 porte
1299 1711 1503 1754 sequacibus
1528 1711 1658 1743 domiui
1682 1712 1868 1743 Fraucisci.
1916 1711 1986 1748 Qui
2011 1712 2214 1753 capitaneus

386 1771 453 1801 hoc
478 1768 639 1806 sennem,
664 1768 780 1810 fugam
804 1767 948 1808 arripuit
966 1777 1042 1797 cum
1067 1766 1215 1808 quodam
1238 1775 1298 1796 suo
1316 1765 1388 1796 filio
1405 1771 1439 1796 et
1455 1764 1586 1806 Jacobo
1603 1764 1764 1806 Sogario3
1782 1764 1826 1795 de
1844 1764 1941 1796 cuius
1957 1765 2040 1808 fuga
2057 1765 2214 1796 dominus

386 1822 595 1855 Bonefacius
619 1822 661 1853 de
686 1821 831 1852 Ariostis
847 1821 1001 1857 audiens,
1025 1820 1228 1851 festinanter
1251 1818 1372 1850 muniri
1398 1819 1482 1850 fecit
1499 1819 1626 1849 dictam
1643 1824 1787 1860 portam.
1834 1818 1968 1849 Deinde
1986 1818 2090 1860 aliqui
2106 1819 2212 1860 pede-

386 1883 471 1909 stres
495 1882 529 1907 et
554 1881 731 1917 equestres
754 1874 862 1906 secuti
886 1879 963 1904 sunt
989 1873 1159 1904 Galatium
1185 1878 1219 1903 et
1243 1873 1336 1910 alios,
1364 1872 1420 1913 qui
1445 1872 1579 1903 inventi
1604 1872 1743 1902 fuerunt
1767 1872 1801 1902 in
1826 1871 1980 1909 Caxalia,
2004 1877 2037 1903 et
2062 1871 2155 1913 capti
2180 1877 2215 1903 et

388 1929 549 1962 conducti
573 1929 713 1959 fuerunt
736 1927 940 1966 Ferrariam,
972 1932 1005 1957 et
1036 1925 1137 1967 positi
1161 1925 1204 1955 ad
1235 1931 1457 1961 tormentum;
1491 1925 1549 1967 qui
1582 1924 1730 1956 confessi
1756 1925 1896 1956 fuerunt
1919 1925 2031 1955 omnia
2055 1925 2215 1965 predicta

352 1995 358 2003 ³
387 1993 477 2014 vera.
522 1982 624 2012 Tunc
648 1980 786 2012 domina
809 1980 983 2011 Katellina
1008 1990 1084 2011 cum
1108 1978 1229 2019 Tadeo
1261 1978 1428 2009 Bastardo
1459 1984 1675 2009 recesserunt
1707 1978 1749 2009 de
1779 1977 1948 2008 Ferraria.
1996 1977 2129 2009 Deinde
2160 1987 2214 2008 ser

387 2037 468 2073 Pax,
495 2034 667 2070 Galacius,
693 2033 864 2069 Giraidus,
888 2032 1007 2064 Petrus
1032 2032 1075 2063 de
1100 2031 1274 2073 Vigarano
1298 2031 1404 2062 sotius
1428 2031 1510 2062 dicti
1537 2030 1680 2068 Giraldi,
1703 2030 1855 2072 Jacobus
1871 2029 2035 2073 Sogarius
2053 2031 2096 2062 de
2112 2030 2214 2062 Mon-

385 2096 548 2131 tagnana‚
566 2097 684 2119 omnes
700 2086 906 2118 detrahinati
923 2086 1062 2116 fuerunt
1080 2096 1142 2126 per
1156 2090 1262 2116 totam
1281 2084 1454 2116 civitatem
1472 2084 1629 2115 Ferrarie
1645 2093 1752 2126 usque
1777 2090 1936 2125 punctam
1960 2083 2069 2115 sancti
2092 2083 2214 2125 Jacobi

389 2142 476 2173 ultra
499 2141 643 2177 Padum,
668 2140 782 2182 ibique
806 2139 959 2180 suspensi
985 2139 1132 2169 fuerunt.
1181 2136 1261 2169 Post
1284 2147 1332 2168 xv
1355 2137 1430 2168 dies
1461 2143 1591 2178 cathS,
1624 2136 1857 2168 detrahinatus
1888 2142 1922 2168 et
1944 2147 2127 2178 suspensus
2151 2137 2216 2168 fuit

389 2194 566 2236 Avancius
589 2193 695 2225 sotius
721 2198 752 2223 et
777 2192 906 2223 amicus
930 2191 1016 2222 dicti
1040 2190 1170 2223 Giraldi
1196 2190 1270 2222 etc.'

475 2247 605 2278 Eodem
638 2246 816 2277 millesimo
848 2245 991 2282 CCCL110,
1021 2244 1076 2275 die
1099 2244 1244 2274 xxvnn⁰
1275 2243 1398 2274 mensis
1428 2243 1543 2285 junii..
1571 2243 1805 2274 Accesserunt
1836 2243 2025 2274 Ferrariam
2059 2243 2215 2274 dominus

387 2301 491 2333 Canis
514 2300 557 2331 de
580 2300 614 2331 la
636 2298 750 2335 Scala,
774 2298 931 2329 dominus
947 2297 1109 2329 Albertus
1126 2297 1200 2328 eius
1216 2302 1367 2337 patruus,
1384 2296 1541 2327 dominus
1557 2295 1662 2327 Canis
1679 2295 1751 2326 eius
1774 2296 1891 2334 frater,
1909 2296 2065 2327 dominus
2087 2296 2216 2338 Johan-

387 2365 458 2390 neS‚
482 2354 639 2385 dominus
662 2351 925 2383 Bartholomeus
949 2352 991 2382 de
1016 2350 1049 2381 la
1073 2350 1174 2382 Scala
1198 2357 1233 2382 et
1264 2350 1321 2381 alii
1346 2349 1488 2386 nobiles,
1513 2359 1598 2391 quos
1623 2359 1739 2380 omnes
1763 2349 1913 2380 marchio
1937 2348 2216 2380 Aldrovandinus

389 2407 520 2447 recepit
551 2416 627 2437 cum
658 2405 805 2436 maximo
830 2405 973 2436 honore.
1021 2404 1122 2434 Tunc
1148 2403 1181 2434 in
1204 2413 1343 2434 recessu
1369 2403 1540 2434 dictorum
1572 2401 1740 2433 nobilium
1765 2402 1923 2433 dominus
1947 2402 2145 2444 Uguiconus
2172 2402 2215 2433 de

390 2458 579 2495 Costabilis‚
605 2457 762 2489 dominus
784 2457 1020 2488 Thomaxinus
1044 2457 1087 2487 de
1112 2455 1403 2497 Buchinpanibus‚
1428 2455 1485 2497 qui
1509 2461 1744 2486 remanserant
1760 2461 1837 2496 post
1853 2453 2024 2485 domiuum
2044 2455 2215 2486 Marchio-

391 2524 478 2549 nem,
503 2513 627 2543 furtive
651 2516 868 2542 recesserunt
892 2511 934 2540 de
959 2509 1127 2547 Ferraria,
1152 2516 1185 2540 et
1201 2509 1336 2540 iverunt
1353 2508 1541 2540 Mantuam.
1588 2507 1693 2545 Quod
1717 2508 1871 2545 audieus,
1887 2508 2042 2548 prefatus
2058 2507 2216 2539 Marchio

387 2565 513 2597 redivit
537 2563 742 2601 Ferrariam,
766 2569 799 2594 et
823 2563 929 2594 voluit
959 2563 1134 2604 inquirere
1159 2572 1296 2594 causam
1321 2562 1364 2594 de
1395 2562 1533 2593 istorum
1558 2572 1705 2598 recessu,
1731 2567 1765 2592 et
1788 2560 1931 2599 invenit,
1956 2561 2049 2602 quod
2074 2567 2216 2602 propter

479 2724 502 2747 4.
521 2715 654 2746 Bornius]
674 2716 768 2739 Bonus
788 2716 811 2739 Α
824 2716 849 2738 Β
868 2729 899 2731 -
921 2719 943 2745 5.
964 2713 1160 2746 expulserunt]
1180 2709 1307 2746 ekpulsit
1328 2714 1406 2738 Mun.
1428 2727 1458 2730 —
1481 2720 1520 2744 24.
1541 2707 1828 2738 bononienses'Mun.
1849 2725 1856 2729 -
1876 2713 1900 2736 ei
1922 2721 1968 2736 om.
1988 2713 2100 2736 BMUR.
2121 2726 2153 2730 —
2172 2719 2214 2744 33.

392 2759 535 2791 punctam]
556 2760 673 2789 pontarn
693 2757 730 2786 B3
750 2759 858 2788 portam
880 2756 955 2780 MUR.
977 2770 1007 2773 ——
1028 2756 1069 2787 36.
1090 2756 1192 2780 Eodem
1205 2772 1264 2780 ....
1278 2754 1385 2780 ecci,11⁰
1404 2764 1450 2780 om.
1471 2755 1550 2780 MUR.
1569 2769 1600 2772 —
1621 2762 1662 2786 42.
1680 2755 1769 2785 prima
1790 2755 1940 2778 dicausam
1955 2755 1980 2777 iu
1996 2755 2018 2778 A
2034 2762 2045 2778 s
2060 2755 2092 2778 de
2105 2755 2213 2778 cancell.

393 2809 437 2825 con
457 2809 490 2824 un
510 2808 572 2831 rlg'ss

480 2909 486 2925 ¹
508 2910 656 2935 Catterina
678 2910 703 2933 di
726 2910 855 2933 Luchino
868 2909 1009 2939 Visconti,
1023 2911 1138 2940 sposata
1153 2908 1174 2932 il
1189 2916 1202 2940 3
1217 2910 1277 2939 giu·
1332 2910 1392 2932 tato
1413 2916 1465 2932 con
1486 2915 1574 2932 onore
1594 2908 1649 2931 tino
1670 2908 1726 2931 alla
1741 2910 1831 2931 morte
1845 2909 1985 2930 avvenuta
2005 2907 2050 2930 nel
2066 2905 2140 2937 1384.
2172 2906 2216 2930 Cf.

392 2961 448 2984 gno
471 2959 535 2985 134²
557 2960 570 2976 a
592 2953 746 2976 Franceseo
767 2952 795 2975 (li
816 2951 951 2975 Bertoldo
971 2951 1073 2980 d‘Este,
1088 2951 1108 2974 il
1123 2951 1213 2982 quale,
1228 2951 1278 2974 do·
1333 2950 1367 2974 A.
1389 2951 1497 2978 Fruzzr,
1518 2951 1598 2973 Mem.
1619 2950 1731 2973 ,clarit-lm
1750 2957 1810 2978 ecc„
1830 2950 1888 2978 cit„
1914 2948 1960 2979 111,
1987 2955 2046 2979 30¹=
2071 2954 2131 2979 309,
2156 2954 2216 2978 321,

393 3003 430 3027 po
449 3002 523 3018 esser
542 2996 616 3018 stato
637 3002 651 3017 a
671 2994 791 3021 Verona,
812 2994 860 3025 poi
881 3002 895 3017 a
914 2993 1030 3017 Padova
1049 3001 1062 3016 e
1076 3001 1089 3016 a
1104 2993 1225 3020 Rimini,
1242 2993 1279 3016 ri·
1333 2998 1393 3022 325,
1412 2998 1471 3022 334,
1492 2996 1553 3021 350,
1573 2990 1633 3021 368.

394 3035 462 3068 paro
483 3037 539 3060 alla
559 3038 636 3060 corte
656 3036 701 3059 dei
721 3035 850 3059 Visvonti
875 3037 901 3058 in
923 3035 1041 3063 Milano,
1062 3035 1134 3058 dove
1155 3034 1184 3058 fu
1205 3035 1278 3065 ospi-

2234 864 2271 895 10

2236 1129 2272 1159 15

2237 1393 2278 1423 20

2236 1658 2275 1689 25

2238 1925 2278 1956 30

2239 2190 2278 2222 35

2239 2455 2279 2485 40

2248 2996 2278 3013 10
