2360 3603
83 631 100 663 5

63 895 99 926 10

61 1157 97 1189 15

56 1425 97 1455 20

55 1687 94 1720 25

53 1954 94 1985 30

52 2216 92 2248 35

51 2481 91 2512 40

72 2907 84 2931 5

132 208 215 242 [ΑΑ.
237 209 430 241 1:327-1328]
760 202 1072 239 CHRONICON
1099 203 1267 239 ESTEN
1270 203 1328 238 SE
1914 201 1959 239 97

130 332 244 364 multis
266 332 352 364 locis
375 332 478 375 fregit
502 343 600 375 arger
624 332 719 370 Padi,
744 338 777 363 et
800 332 943 363 maxime
974 343 1076 374 super
1106 331 1293 364 teritorium
1320 332 1462 364 Mantue
1491 339 1524 364 et
1555 333 1723 364 Ferrarie.
1769 333 1868 364 Tunc
1904 334 1965 365 do-

128 385 238 416 minus
265 385 463 416 Passarinus
493 385 710 426 recuperavit
734 390 879 416 castrum
911 384 1136 427 Burgifortis¹
1167 394 1229 426 pro
1261 385 1407 426 quadam
1437 390 1546 426 rupta,
1576 396 1677 428 quam
1709 386 1781 417 fieri
1812 386 1897 418 fecit
1927 387 1963 418 in

128 437 325 470 Mantuana.

894 536 1162 571 Mcccxxvn
1163 539 1194 581 J.

212 633 264 664 De
288 643 404 666 mense
419 633 573 675 januarii.
598 632 764 664 Dominus
780 632 971 674 Imperator
994 631 1188 664 antedictus
1212 632 1351 664 intravit
1371 632 1545 664 civitatem
1562 633 1673 665 Rome
1691 644 1768 665 cum
1785 633 1855 666 eius
1874 634 1963 665 mili-

125 684 181 723 tia,
206 684 332 717 cotidie
357 685 507 717 existens
532 696 608 717 cum
633 695 674 716 eo
698 685 854 716 dominus
876 684 1104 717 Castruccius.
1151 684 1196 716 Et
1218 684 1285 716 illis
1309 684 1430 716 diebus
1460 685 1600 717 admixit
1631 685 1851 718 Castruccius
1883 687 1964 718 civi-

124 742 228 769 tatem
251 738 389 770 Pistorii
411 748 475 780 pro
498 738 715 770 tradimento.

211 790 345 823 Eodem
361 791 538 822 millesimo
555 797 589 822 et
604 801 719 823 mense
736 791 829 834 junii.
860 789 1011 822 Maxima
1026 796 1126 831 rupta
1142 790 1229 822 Padi
1246 790 1315 822 fuit
1332 791 1376 822 ad
1392 791 1583 823 Policinum
1602 790 1751 830 Caxalie,
1769 798 1804 824 et
1820 798 1963 834 propter

122 843 391 884 superfluitatem
415 854 579 886 aquarum
601 853 702 886 arger
727 849 981 885 traversagnum
1004 843 1151 874 fractum
1176 848 1236 882 est,
1261 848 1295 874 et
1320 844 1480 876 damnum
1504 844 1685 875 maximum
1708 846 1803 877 fecit.

210 896 343 928 Eodem
367 896 543 928 millesimo
567 895 611 927 de
635 906 749 927 mense
772 896 857 938 julii.
881 895 1049 927 Derobati
1072 895 1210 926 fuerunt
1234 901 1268 927 et
1292 897 1383 937 capti
1408 896 1513 938 aliqui
1545 902 1763 935 mercatores,
1796 898 1962 940 episcopi,

125 953 158 979 et
180 948 375 991 presbyteri
398 949 432 980 in
456 948 610 980 district-u
632 948 751 990 Papie,
779 954 920 990 propter
950 947 1130 979 maximam
1154 948 1376 989 quantitatem
1403 949 1557 989 pecunie,
1592 960 1691 992 quam
1723 949 1897 982 habebant
1928 958 1961 983 et

123 1000 305 1041 portabant
328 1002 372 1033 ad
396 1002 569 1034 dominum
592 1001 760 1044 Legatum
784 1001 820 1031 in
844 1001 1010 1038 Bononia,
1036 1011 1139 1032 causa
1162 1001 1316 1033 faciendi
1341 1011 1447 1043 pagas
1478 1001 1708 1043 stipendiariis
1740 1003 1825 1035 suis:
1858 1014 1961 1045 quam

123 1053 293 1085 robariam
318 1061 351 1086 et
374 1054 656 1096 depredationem
680 1053 765 1085 fecit
789 1053 862 1085 fieri
887 1053 1044 1084 dominus
1067 1053 1188 1095 Cocus,
1214 1055 1272 1096 qui
1296 1054 1491 1086 morabatur
1517 1055 1552 1085 in
1577 1054 1788 1088 Mediolano.

210 1106 337 1140 Eodem
361 1107 538 1139 millesimo
564 1112 598 1138 et
620 1117 747 1138 mense.
771 1106 937 1138 Dominus
953 1105 1136 1137 Hostaezius
1153 1106 1308 1137 dominus
1331 1106 1511 1146 Ravenne,
1537 1107 1738 1149 capitaneus
1761 1109 1912 1147 Forlivii,
1929 1115 1964 1141 et

122 1159 179 1190 alii
203 1160 247 1192 de
274 1160 362 1203 Liga
392 1161 528 1192 iverunt
550 1159 595 1191 ad
618 1159 867 1201 parlamentum
900 1168 976 1190 cum
1009 1158 1146 1190 domino
1177 1158 1380 1191 Marchione
1414 1166 1547 1191 estense
1578 1160 1614 1191 in
1645 1161 1813 1193 Ferraria.
1861 1162 1962 1193 Tunc

123 1212 282 1245 dominus
304 1213 475 1256 Ricardus
498 1213 541 1244 de
566 1211 758 1244 Manfredis
782 1211 921 1244 intravit
943 1211 1144 1243 Faventiam
1168 1222 1245 1243 cum
1270 1222 1336 1244 uno
1369 1223 1430 1244 suo
1454 1213 1539 1250 fili03
1565 1213 1621 1244 alii
1654 1223 1745 1252 vero,
1778 1214 1836 1256 qui
1868 1215 1962 1256 prius

121 1264 185 1296 sibi
208 1271 416 1307 acceperant
440 1266 622 1304 civitatem,
646 1275 763 1297 omnes
786 1265 948 1307 fugerunt
970 1275 1088 1296 versus
1111 1271 1225 1306 partes
1248 1265 1389 1297 Tuscie,
1436 1265 1570 1297 Deinde
1597 1266 1752 1298 dominus
1773 1267 1962 1310 Ricardum

122 1316 264 1350 tradidit
286 1317 414 1350 dictam
440 1319 613 1350 civitatem
638 1318 775 1350 domino
798 1317 941 1360 Legato.

209 1370 340 1402 Eodem
362 1371 540 1402 millesimo
565 1371 607 1403 de
631 1381 748 1402 mense
772 1370 906 1413 augusti
930 1370 964 1401 in
988 1369 1043 1402 die
1067 1371 1176 1402 sancti
1208 1371 1382 1403 Leonardi
1414 1372 1448 1402 in
1480 1372 1565 1404 hora
1595 1372 1771 1404 tertiarum
1803 1373 1959 1404 dominus

119 1422 317 1456 Passarinus
341 1424 498 1456 dominus
522 1423 665 1456 Mantue
689 1429 840 1455 mortuus
867 1429 900 1455 et
930 1423 1063 1455 occisus
1089 1424 1155 1455 fuit
1177 1434 1241 1466 pro
1266 1424 1472 1456 tradimento
1496 1437 1516 1456 a
1540 1425 1744 1467 quibusdam
1777 1426 1844 1458 suis
1876 1436 1958 1458 con-

119 1477 317 1520 sanguineis
339 1478 384 1509 de
409 1477 592 1520 Goncaga;
618 1483 652 1508 et
677 1483 795 1519 captus
818 1476 884 1508 fuit
907 1477 935 1509 F
938 1476 1112 1508 ranciscus
1135 1476 1222 1508 filius
1247 1477 1319 1509 eius
1335 1483 1367 1508 et
1383 1478 1435 1509 sui
1459 1484 1603 1520 nepotes
1616 1478 1637 1517 ²,
1662 1485 1696 1510 et
1720 1479 1883 1511 conducti
1905 1489 1961 1510 ca-

120 1535 224 1562 strum
248 1529 450 1567 Castellarii,
473 1529 532 1561 ubi
557 1539 674 1561 omnes
698 1529 820 1561 mortui
843 1529 984 1561 fuerunt
1007 1529 1123 1573 iniqua
1146 1536 1255 1562 morte
1281 1541 1300 1561 a
1323 1530 1489 1571 predictis
1515 1532 1557 1562 de
1576 1531 1751 1574 Goncaga.
1798 1532 1880 1563 Post
1896 1532 1961 1563 hec

119 1588 329 1624 acceperunt
352 1588 385 1614 et
409 1582 628 1614 obtinuerunt
652 1582 838 1614 dominium
864 1582 1011 1614 civitatis
1035 1583 1201 1624 predicte.

207 1634 340 1668 Eodem
363 1635 542 1667 millesimo
567 1641 600 1666 et
624 1645 749 1667 mense.
773 1635 937 1667 Dominus
955 1635 1084 1678 Galeac
1100 1636 1143 1667 de
1161 1635 1435 1669 Vicecomitibus
1452 1638 1495 1669 de
1513 1637 1712 1670 Mediolano
1730 1638 1814 1670 obiit
1829 1639 1864 1670 in
1882 1649 1960 1679 par-

120 1688 209 1720 tibus
231 1689 358 1720 Tuscie
371 1688 393 1720 ³.

206 1741 339 1773 Eodem
363 1741 544 1773 millesimo
569 1741 612 1772 de
636 1750 753 1772 mense
776 1740 989 1782 septembris.
1014 1741 1233 1773 Honorabilis
1257 1741 1414 1774 dominus
1431 1743 1589 1774 dominus
1612 1743 1716 1776 Canis
1740 1744 1783 1775 de
1810 1744 1841 1775 la
1858 1744 1960 1776 Scala

117 1793 263 1835 pacifice
285 1793 403 1826 habuit
426 1804 447 1825 a
470 1793 641 1825 Paduanis
665 1793 849 1825 dominium
875 1794 1022 1826 civitatis
1045 1794 1163 1826 Padue
1188 1794 1310 1826 libere:
1337 1802 1547 1837 quapropter
1569 1796 1746 1839 gaudium'
1771 1797 1953 1828 maximum

119 1846 249 1878 factum
274 1853 326 1878 est
350 1846 383 1877 in
409 1846 545 1878 civitate
569 1847 597 1878 F
600 1847 725 1878 errarie
749 1857 812 1887 per
836 1846 994 1878 dominos
1016 1846 1248 1879 Marchiones.

204 1899 337 1931 Eodem
361 1899 539 1931 millesimo
564 1906 597 1931 et
620 1906 784 1941 ternpore.
808 1900 974 1931 Dominus
998 1900 1220 1932 Castruccius
1238 1900 1347 1933 obiit‘¹
1363 1901 1397 1932 in
1414 1901 1566 1944 partibus
1589 1903 1729 1942 Tuscie,
1754 1910 1788 1936 et
1810 1914 1897 1935 unus
1919 1903 1961 1935 de

118 1952 196 1984 filiis
221 1952 292 1984 eius
316 1953 418 1985 etiam
442 1952 486 1984 de
510 1958 620 1984 morte
645 1953 802 1984 naturali.

206 2006 338 2038 Eodem
361 2005 540 2037 millesimo
564 2004 608 2036 de
631 2015 748 2037 mense
774 2005 934 2043 octubris,
959 2007 995 2037 in
1018 2006 1137 2048 vigilia
1161 2008 1391 2048 apostolorum
1416 2007 1564 2040 Simonis
1594 2014 1628 2040 et
1652 2008 1766 2041 Yude.
1813 2009 1960 2051 Propter

117 2058 385 2100 superfluitatem
408 2068 571 2099 aquarum
595 2057 681 2089 Padi
704 2063 805 2099 rupta
829 2059 923 2090 facta
947 2065 998 2090 est
1021 2064 1119 2090 extra
1142 2070 1274 2091 murum
1293 2060 1440 2092 civitatis
1456 2061 1625 2099 Ferrarie,
1643 2072 1748 2104 quare
1762 2073 1825 2104 per
1841 2063 1961 2094 foveas

117 2111 265 2143 civitatis
288 2111 453 2142 inundata
470 2116 520 2142 est
544 2110 664 2142 civitas
688 2111 724 2141 in
747 2111 900 2152 pluribus
925 2111 1019 2150 locis,
1045 2118 1079 2144 et
1095 2111 1273 2143 Policinus
1289 2113 1463 2151 Ferrarie3
1490 2121 1523 2145 et
1539 2125 1628 2157 aqua
1643 2115 1802 2156 pervenit
1825 2116 1870 2147 ad
1885 2115 1959 2157 pla-

115 2170 206 2196 team
231 2164 399 2202 Ferrarie,
423 2170 456 2195 et
479 2163 515 2195 in
540 2164 742 2205 episcopatu
766 2175 873 2207 usque
902 2164 946 2195 ad
977 2164 1104 2197 bancas
1129 2165 1380 2207 caligariorum,
1406 2172 1440 2198 et
1463 2166 1499 2198 in
1523 2167 1677 2208 pluribus
1709 2168 1783 2199 aliis
1815 2168 1898 2200 locis
1921 2168 1957 2199 in

118 2217 276 2249 districtu
300 2217 470 2249 Ferrarie.

205 2269 338 2302 Eodem
361 2270 540 2302 millesimo
566 2271 609 2302 de
633 2280 750 2302 mense
774 2271 980 2302 novembris.
1006 2272 1171 2303 Dominus
1188 2272 1293 2304 Canis
1311 2273 1354 2304 de
1372 2272 1404 2304 la
1421 2272 1524 2305 Scala
1542 2283 1685 2305 xxxvrn
1703 2273 1882 2306 decoravit
1898 2274 1960 2305 mi-

116 2323 188 2355 litia
211 2323 246 2354 in
271 2323 407 2355 civitate
432 2323 572 2355 Verone
597 2323 639 2354 de
664 2323 858 2355 hominibus
881 2323 999 2355 Padue
1024 2330 1057 2356 et
1081 2324 1232 2363 Verone,
1250 2330 1283 2356 et
1299 2325 1440 2357 aliorum
1464 2326 1618 2358 locorum
1635 2326 1854 2366 Lombardie,
1871 2328 1960 2359 inter

115 2386 201 2418 quos
224 2376 401 2408 decoravit
426 2376 598 2408 dominum
622 2375 846 2408 Franciscum
871 2375 942 2407 eius
965 2376 1069 2408 filium
1094 2376 1232 2408 militem
1256 2388 1399 2419 sperans
1423 2379 1619 2421 relinquere
1644 2380 1756 2421 ipsum
1785 2380 1959 2411 dominum

115 2428 264 2460 Verone.
310 2429 356 2460 Et
379 2439 501 2472 magna
526 2435 559 2461 et
583 2429 798 2461 delectabilis
823 2429 915 2461 curia
939 2429 1033 2461 facta
1056 2435 1106 2461 est
1129 2429 1164 2460 in
1189 2430 1340 2469 Verona,
1365 2431 1424 2463 ubi
1449 2438 1522 2463 erat
1546 2433 1647 2464 etiam
1672 2431 1828 2464 dominus
1845 2432 1956 2476 Obico

115 2481 268 2513 marchio
292 2481 436 2513 estensis
460 2480 620 2513 dominus
644 2482 801 2513 Ferrarie
825 2487 901 2519 etc„
927 2481 1114 2513 adsotiatus
1137 2482 1205 2513 suis
1230 2482 1392 2515 militibus
1416 2484 1603 2516 honorifice
1626 2491 1767 2527 propter
1791 2485 1958 2518 honorem

116 2533 245 2565 domini
268 2533 381 2566 Canis.

203 2682 227 2707 8.
248 2682 352 2706 Eodem
372 2682 517 2707 millesimo
537 2684 563 2707 et
584 2681 687 2713 mense]
709 2683 741 2706 de
762 2690 853 2706 mense
873 2683 949 2707 MUR.
969 2696 1001 2700 —
1025 2690 1064 2713 19.
1085 2682 1129 2706 nel
1146 2685 1266 2715 margine
1284 2685 1308 2707 si
1325 2685 1435 2707 sinistra
1454 2685 1483 2707 in
1510 2685 1551 2708 A:
1579 2692 1652 2709 mors
1679 2685 1787 2709 domini
1813 2686 1956 2710 Passerini

115 2725 143 2748 et
162 2725 221 2748 eius
240 2723 311 2748 filius
324 2725 353 2748 et
366 2731 479 2748 suorum
498 2726 634 2757 nepotum
650 2738 681 2742 -
697 2731 737 2749 22.
759 2724 918 2748 Castellarii
931 2725 1022 2754 Mure-3
1038 2725 1191 2750 Castellani
1206 2726 1230 2749 Α
1245 2739 1275 2742 —
1292 2732 1334 2757 24.
1349 2726 1392 2749 nel
1404 2727 1523 2757 margine
1543 2728 1573 2750 di
1589 2728 1699 2751 sinistra
1713 2729 1741 2751 z'n
1760 2728 1783 2751 Α
1793 2737 1801 2752 .·
1823 2736 1899 2752 mors
1912 2729 1960 2753 do-

117 2766 188 2790 mini
208 2766 308 2800 Galea}
328 2766 506 2790 Vicecomitis
521 2779 552 2783 —
568 2773 608 2794 29.
629 2766 673 2789 nel
691 2768 810 2797 margine
829 2767 860 2788 di
876 2767 985 2790 sinistra
1005 2767 1034 2789 in
1053 2767 1095 2790 A:
1112 2774 1187 2791 mors
1208 2767 1354 2792 Castrueci
1373 2769 1401 2791 et
1421 2767 1472 2792 filii
1492 2769 1553 2792 eius

203 2861 209 2876 ¹
230 2862 400 2894 Borgoforte
420 2871 435 2887 a
458 2870 489 2894 14
509 2863 555 2887 kil.
575 2863 602 2887 S.
623 2864 656 2887 da
677 2864 818 2887 Mantova.
1063 2864 1118 2896 figli
1139 2864 1167 2888 di
1187 2865 1323 2889 Butirone
1343 2865 1498 2889 Bonacolsi.

204 2902 214 2918 '²
234 2904 347 2928 Furono
373 2905 448 2935 presi
474 2905 626 2929 Francesco
646 2913 659 2929 e
684 2905 837 2935 Giovstnni⁷
859 2905 958 2929 abbate
981 2906 1008 2930 di
1151 2905 1162 2920 '³
1182 2905 1257 2930 Mori
1277 2914 1291 2930 a
1312 2907 1408 2931 Pescia
1426 2908 1453 2930 ai
1472 2907 1487 2930 6
1507 2907 1643 2938 d'agosto.

114 2945 314 2975 Sant’Andrea,
340 2944 397 2978 figli
422 2945 450 2970 di
471 2946 618 2971 Passerino
644 2953 657 2970 e
683 2946 775 2971 Guido
794 2954 808 2970 e
835 2947 1007 2972 Pinamonte
1151 2946 1160 2962 ⁴
1180 2947 1254 2972 Mori
1274 2949 1293 2972 il
1313 2955 1326 2979 3
1347 2950 1496 2974 settembre
1518 2950 1593 2980 1328.

273 3060 306 3084 T.
324 3060 386 3090 XV,
405 3068 432 3094 p.
450 3067 487 3085 m
508 3074 539 3078 —-
562 3067 587 3093 7.

2036 557 2055 572 c-

2070 552 2117 572 82)-

2034 1814 2052 1827 c,
2067 1807 2093 1826 32
2100 1814 2114 1826 ἴ·
