2360 3603
60 853 97 884 10

58 1116 94 1148 15

51 1382 93 1412 20

53 1644 92 1675 25

52 1908 92 1939 30

51 2174 91 2204 35

52 2439 92 2469 40

62 2979 92 2995 10

123 257 172 292 [A.
194 256 284 291 1347]
747 249 1059 283 CHRONICON
1088 248 1317 284 ESTENSE
1869 250 1932 284 151

125 379 250 422 Aquile
273 379 307 410 in
331 378 517 412 obsidione.
541 389 606 420 que
631 378 750 409 civitas
773 378 938 410 rebellata
962 383 1034 409 erat
1058 377 1207 420 Regine,
1232 384 1266 409 et
1297 377 1422 409 tradita
1454 378 1525 419 regi
1558 378 1721 420 Ungarie.
1769 377 1942 419 Apropin-

125 432 303 474 quantibus
325 431 484 474 gentibus
507 431 635 462 domini
660 431 829 472 Principis
852 431 945 462 dicte
970 431 1113 467 civitati,
1131 431 1224 461 cives
1241 437 1274 461 et
1290 431 1346 461 alii
1372 430 1528 468 civitatis,
1546 437 1674 462 armata
1694 441 1804 468 manu,
1822 437 1941 462 contra

124 484 197 516 illos
221 485 453 521 adcesserunt,
478 490 512 515 et
535 483 659 515 bellum
686 483 944 515 commisserunt
967 483 1101 514 insimul
1127 482 1249 520 taliter,
1275 484 1366 524 quod
1390 493 1458 514 non
1474 484 1701 524 permiserunt
1718 484 1795 514 illos
1812 490 1939 515 castra-

125 536 264 568 mentari
288 536 348 573 ibi,
371 547 485 578 ymmo
510 536 753 578 instigaverunt
776 536 934 567 inimicos
957 542 1022 567 etc.

208 589 340 620 Eodem
366 589 543 619 millesimo
574 595 608 620 et
637 599 764 619 mense.
811 588 897 620 Cum
929 589 1098 620 exercitus
1128 589 1280 630 gentium
1313 588 1459 619 Tribuni
1492 589 1622 619 romani
1654 589 1815 620 existeret
1846 589 1940 620 circa

124 642 294 674 civitatem
315 641 462 673 Viterbii
487 642 520 672 in
544 641 733 677 obsidione,
758 641 933 682 prefectus
957 641 1059 672 Vichi
1078 641 1234 671 dominus
1251 641 1342 672 dicte
1366 641 1514 672 civitatis
1532 652 1597 672 non
1616 641 1733 672 valens
1749 642 1938 673 substinere

123 702 240 726 contra
262 701 382 736 gentes
405 694 535 725 domini
558 694 715 730 Tribuni,
740 695 783 725 de
807 694 1030 734 volu[n]ptate
1056 694 1228 734 capitanei
1245 703 1368 735 guerre
1385 693 1468 725 dicti
1485 694 1658 725 exercitus
1674 695 1777 725 exivit
1801 695 1940 725 civitate

122 747 276 784 Viterbii‚
299 753 334 779 et
355 747 526 789 ingressus
551 753 600 778 est
624 746 767 778 Romam
786 756 899 778 coram
917 747 1075 787 predicto
1092 746 1257 778 Tribuno.
1281 746 1451 787 proiciens
1475 757 1510 777 se
1534 747 1566 776 in
1593 754 1715 778 terram
1741 753 1818 778 ante
1833 748 1941 788 pedes

121 810 208 836 suos,
231 806 351 842 petens
374 800 416 831 ab
440 810 480 831 eo
503 799 782 835 misericordiam,
807 805 838 830 et
869 800 1020 830 offerens
1052 799 1082 830 ei
1115 805 1148 830 et
1179 799 1310 839 Populo
1343 809 1482 830 romano
1508 799 1682 831 civitatem
1715 799 1873 836 Viterbii‚
1907 806 1940 831 et

121 864 236 884 omnes
260 853 440 884 fortilicias
463 853 673 894 pertinentes
698 852 844 889 civitati3
870 852 926 894 qui
951 851 1134 889 Tribunus,
1159 852 1287 892 pietate
1312 858 1432 888 motuS,
1457 853 1589 893 recepit
1613 849 1721 893 ipsum
1744 853 1778 883 in
1795 854 1940 894 gratiam

121 916 214 937 suam
241 911 274 937 et
297 905 453 947 pepercit
477 905 522 942 ei3
547 911 598 936 set
622 905 705 936 fecit
729 905 838 946 ipsum
863 905 1009 936 detineri
1034 911 1067 935 et
1090 905 1224 936 interim
1246 904 1372 935 muniri
1390 905 1474 936 fecit
1503 911 1652 936 castrum
1676 905 1901 946 Rispampani
1918 906 1936 944 ¹,

120 965 153 990 et
176 959 313 990 rocham
330 957 483 989 Vetralle
496 956 518 994 ²,
535 968 635 1000 quarn
652 957 869 998 possidebat:
887 957 1012 989 deinde
1029 957 1113 988 fecit
1129 957 1239 998 ipsum
1256 957 1416 995 relaxari,
1432 963 1465 988 et
1482 958 1653 989 concessit
1670 958 1769 989 etiam
1785 958 1815 988 ei
1833 958 1941 989 domi-

121 1012 291 1043 nationem
316 1010 462 1042 Viterbii
486 1010 625 1041 nomine
641 1009 796 1041 Tribuni.
836 1010 938 1041 Tunc
955 1010 1127 1041 exercitus
1144 1010 1377 1041 Romanorum
1401 1010 1597 1052 segregavit
1621 1011 1758 1042 civitate
1777 1011 1939 1048 Viterbii‚

121 1070 154 1096 et
177 1064 302 1096 redivit
324 1064 482 1095 Romam.

206 1117 337 1148 Eodem
362 1115 540 1147 millesimo
564 1121 597 1147 et
629 1125 755 1147 mense.
801 1116 966 1147 Dominus
997 1115 1172 1157 Johannes
1195 1115 1238 1146 de
1263 1115 1397 1146 Ursinis
1427 1125 1584 1146 romanus
1616 1116 1771 1147 dominus
1795 1116 1940 1148 civitatis

121 1169 378 1206 Urbis-veteris,
404 1169 524 1200 videns
548 1169 861 1210 amplificationem'
885 1168 1052 1200 antedicti
1075 1168 1231 1205 Tribuni,
1263 1174 1296 1199 et
1325 1168 1408 1210 quid
1439 1168 1574 1200 fecerat
1607 1175 1726 1200 contra
1757 1169 1929 1200 civitatem

118 1222 278 1260 Viterbii‚
302 1221 464 1253 submixit
488 1231 523 1252 se
547 1222 699 1253 dominio
723 1221 807 1259 eius,
831 1227 864 1253 et
887 1221 1043 1252 similiter
1066 1221 1116 1252 illi
1142 1222 1184 1252 de
1209 1221 1379 1263 Alagna³,
1405 1226 1439 1252 et
1473 1221 1529 1251 alii
1559 1221 1866 1253 circumadstantes
1895 1223 1940 1253 ad

117 1280 224 1307 L1111or
246 1274 402 1306 milliaria
424 1274 572 1305 civitatis
596 1274 718 1311 Rome,
742 1274 838 1305 salvo
863 1284 1008 1306 comune
1033 1274 1129 1305 Fani.

203 1327 334 1358 Eodem
358 1327 538 1358 millesimo
564 1332 597 1358 et
628 1337 743 1358 mense
766 1327 850 1369 julii.
896 1327 1076 1358 Exercitus
1100 1327 1250 1358 civitatis
1273 1326 1477 1369 Legiensis‘
1502 1327 1650 1358 existens
1675 1328 1767 1358 circa
1793 1333 1938 1359 castrum

116 1379 310 1423 Argentelli
323 1379 333 1394 ⁵
360 1380 395 1410 in
413 1380 602 1418 obsidione,
620 1380 712 1422 quod
730 1390 788 1421 per
805 1380 874 1411 vim
890 1380 1159 1420 derupaverunt‚
1176 1381 1305 1411 accidit
1320 1386 1414 1417 tunc,
1430 1380 1524 1421 quod
1548 1380 1617 1411 dux
1634 1380 1814 1411 Brabautis
1827 1379 1836 1395 ⁶
1862 1390 1939 1412 curn

116 1433 264 1475 quodam
288 1433 353 1464 alio
379 1433 477 1470 duce,
502 1439 535 1464 et
551 1433 717 1474 episcopo
740 1433 902 1474 Legiensi
916 1432 927 1448 ‘¹
952 1432 1046 1464 ibant
1062 1433 1098 1464 in
1115 1433 1299 1465 subsidium
1317 1433 1400 1464 dicti
1418 1433 1520 1464 castri
1537 1443 1612 1463 cum
1638 1433 1750 1464 multis
1773 1433 1940 1475 gentibus

116 1486 220 1523 Quod
243 1486 424 1517 audientes
445 1485 657 1517 destructum
690 1496 776 1524 esse,
804 1486 930 1517 bellum
961 1487 1133 1527 petierunt
1156 1486 1291 1517 insimul
1314 1496 1390 1517 cum
1416 1485 1688 1518 destructoribus
1711 1486 1823 1523 castri,
1848 1487 1941 1528 quod

117 1544 383 1580 acceptaverunt
407 1538 565 1571 libenter.
612 1539 775 1576 Quodam
801 1539 855 1571 die
879 1539 987 1571 sabati
1012 1540 1089 1570 XXI⁰
1112 1539 1183 1570 iulii
1213 1539 1339 1571 bellum
1363 1539 1546 1570 maximum
1578 1540 1792 1570 commissum
1825 1546 1874 1571 est
1899 1551 1940 1571 ex

115 1598 259 1634 utraque
282 1596 391 1633 parte,
408 1598 521 1623 tamen
539 1592 609 1623 dux
633 1592 850 1633 supradictus
874 1602 950 1624 cum
973 1592 1041 1623 suis
1072 1592 1303 1624 conflixerunt
1325 1592 1420 1630 alios,
1438 1603 1481 1622 ex
1504 1591 1626 1634 quibus
1643 1593 1765 1624 mortui
1789 1598 1822 1623 et
1847 1592 1938 1634 capti

117 1645 258 1677 fuerunt
281 1645 375 1676 circa
398 1649 485 1684 xum3
510 1645 553 1676 de
577 1645 735 1688 gentibus
759 1651 871 1676 autem
897 1645 994 1676 ducis
1016 1646 1140 1677 mortui
1165 1652 1198 1676 et
1223 1646 1316 1686 capti
1339 1645 1432 1676 circa
1456 1650 1516 1676 VI¹¹¹
1543 1645 1696 1676 homines
1720 1651 1787 1677 etc.

202 1698 333 1729 Eodem
358 1697 539 1729 millesimo
563 1698 645 1728 etin
670 1698 742 1729 istis
767 1697 900 1735 diebus,
925 1698 1082 1730 dominus
1101 1698 1274 1740 Johannes
1298 1699 1341 1729 de
1357 1698 1509 1741 Malleyo
1523 1698 1673 1729 existens
1689 1699 1732 1729 ad
1749 1698 1941 1730 custodiam

117 1750 265 1782 civitatis
283 1750 437 1782 ssononie
450 1749 461 1766 ⁸
477 1761 539 1792 pro
557 1751 694 1782 domino
711 1762 795 1794 rege
812 1753 1033 1788 Francorum,
1051 1751 1201 1782 obviavit
1217 1762 1251 1782 se
1269 1751 1428 1793 gentibus
1444 1752 1535 1794 regis
1550 1751 1676 1793 Anglie
1694 1751 1750 1792 qui
1776 1757 1941 1792 ceperunt

117 1803 244 1836 dictum
263 1804 435 1835 dominum
447 1804 649 1845 Johannem,
664 1804 837 1835 dominum
855 1804 1048 1836 Tebaldum
1065 1804 1107 1835 de
1126 1803 1293 1847 Sorbeyo‚
1311 1809 1344 1836 et
1361 1805 1561 1836 occiderunt
1575 1804 1749 1835 dominum
1766 1804 1937 1836 Arardum

115 1856 159 1887 de
184 1856 326 1899 ViHeys,
350 1862 383 1888 et
406 1862 574 1898 ceperunt
598 1856 693 1888 circa
719 1866 767 1887 xv
791 1857 834 1888 de
859 1857 954 1889 sotiis
977 1857 1056 1888 suis.

202 1909 336 1940 Eodem
360 1908 552 1946 millesimo,
576 1909 684 1950 primo
709 1909 853 1949 augusti.
901 1909 956 1941 Ad
987 1909 1153 1940 honorem
1185 1909 1249 1940 Dei
1273 1915 1338 1940 etc.
1370 1910 1551 1941 decoratus
1583 1916 1632 1940 est
1656 1909 1758 1940 milex
1781 1908 1939 1940 dominus

117 1961 305 1993 Niccolaus
321 1961 476 1992 tribunus
494 1971 652 1992 romanus
665 1959 675 1975 ⁹
690 1962 725 1992 in
749 1972 858 1993 conca
875 1962 1089 1994 Constantini
1101 1962 1318 2003 imperatoris
1331 1968 1396 1993 etc.
1443 1962 1514 1993 Nos
1527 1962 1713 1994 Niccolaus
1726 1962 1822 1993 miles
1836 1961 1942 1992 tribu-

115 2025 189 2051 nus,
213 2014 430 2052 auctoritate,
454 2020 635 2055 potestate,
659 2014 894 2046 iurisdictione
911 2014 1009 2047 nobis
1026 2016 1201 2047 concessis
1225 2026 1243 2046 a
1259 2026 1400 2047 romano
1426 2015 1570 2057 Populo,
1587 2021 1620 2047 et
1632 2026 1741 2056 nuper
1758 2026 1778 2046 a
1801 2014 1940 2046 domino

119 2074 232 2098 nostro
256 2078 385 2099 summo
409 2067 588 2104 Pontifice‚
612 2074 647 2098 ut
671 2074 764 2109 patet
787 2079 850 2109 per
882 2068 1020 2109 publica
1043 2070 1277 2107 instrumenta,
1303 2075 1336 2100 et
1360 2068 1469 2099 bullas
1493 2069 1574 2105 eius,
1599 2075 1633 2100 et
1657 2069 1767 2111 gratia
1791 2068 1938 2109 Spiritus

118 2120 248 2157 Sancti,
273 2121 364 2152 omni
388 2121 490 2151 modo
514 2121 598 2158 iure,
623 2121 745 2159 forma,
770 2122 894 2162 quibus
915 2122 1035 2153 melius
1060 2132 1248 2162 possumus,
1267 2122 1481 2153 decrevimus
1505 2128 1538 2153 et
1555 2122 1779 2158 declaramus,
1805 2128 1839 2152 et
1860 2132 1940 2162 pro-

118 2173 330 2213 nunciamus,
353 2175 462 2214 ipsam
494 2180 646 2205 sanctam
678 2184 853 2205 romanam
884 2174 1013 2206 Urbem
1049 2175 1163 2216 capud
1194 2181 1226 2206 et
1257 2175 1520 2206 fundamentum
1554 2175 1638 2206 fidei
1675 2174 1871 2213 christiane,
1906 2185 1947 2205 ac

115 2237 233 2258 omnes
258 2232 291 2257 et
314 2226 464 2268 singulas
488 2226 646 2258 civitates
670 2227 788 2259 Ytalie
807 2228 931 2259 liberas
955 2238 1028 2259 esse
1053 2238 1241 2264 censemus,
1259 2234 1292 2259 et
1314 2239 1355 2258 ex
1378 2238 1468 2259 nuuc
1494 2238 1609 2259 omnes
1625 2228 1778 2269 prefatos
1795 2228 1942 2269 populos

115 2285 150 2311 et
174 2279 267 2310 cives
284 2279 458 2310 civitatem
474 2279 588 2310 Ytalie
614 2279 827 2312 declaramus
845 2287 877 2311 et
894 2281 1158 2321 pronunciamus
1181 2281 1276 2312 cives
1301 2290 1374 2312 esse
1400 2281 1575 2312 Romanos
1593 2290 1632 2311 ac
1656 2280 1812 2312 Romane
1838 2280 1937 2312 liber-

116 2332 194 2364 tatis
217 2332 399 2374 privilegio
424 2333 466 2364 de
492 2338 606 2364 cetero
631 2333 786 2364 volumus
809 2334 972 2375 gaudere.
1018 2334 1104 2365 Item
1128 2334 1250 2364 eadem
1283 2334 1485 2365 auctoritate
1513 2342 1546 2364 et
1575 2333 1685 2376 gratia
1709 2334 1785 2370 Dei,
1810 2334 1939 2374 proffe‘

116 2386 219 2416 rimus
242 2391 275 2416 et
307 2385 521 2416 declaramus
552 2385 753 2417 electionem
786 2387 917 2417 romani
941 2387 1088 2427 Imperii,
1122 2386 1391 2418 iurisdictionem
1422 2397 1462 2417 ac
1494 2387 1727 2417 monarchiam
1759 2387 1804 2417 ad
1835 2386 1942 2427 ipsam

117 2438 238 2469 almam
263 2437 392 2469 Urbem
416 2445 450 2469 et
467 2438 539 2469 eius
556 2438 698 2479 Populo,
715 2448 851 2470 necnon
866 2439 1061 2470 universam
1085 2439 1235 2470 Ytaliam
1259 2439 1444 2480 pertinere.
1490 2439 1701 2480 Precipimus
1714 2439 1815 2470 etiam
1833 2439 1941 2470 omni-

207 2555 229 2572 2.
250 2548 376 2580 civitati]
399 2549 527 2572 civitatis
547 2549 625 2572 Mun.
645 2562 677 2565 —
698 2556 722 2580 5.
742 2549 908 2574 Eodem...
929 2557 1021 2573 mense
1041 2558 1088 2573 om.
1109 2549 1177 2573 MUR
1198 2562 1205 2566 -
1226 2551 1308 2573 exist.
1329 2549 1368 2577 A;
1388 2550 1521 2573 existent.
1542 2550 1567 2572 Β
1586 2563 1617 2566 —
1638 2548 1661 2572 6.
1683 2547 1793 2580 valens]
1821 2549 1897 2572 vales
1916 2549 1940 2572 A

120 2604 151 2608 —-
175 2597 213 2614 ιι.
234 2590 390 2622 Rispapani
412 2591 435 2614 A
449 2591 562 2614 BMun.
588 2604 619 2608 —--
649 2597 688 2621 15.
713 2591 890 2615 Eodem....
917 2599 1009 2615 mense
1029 2600 1075 2615 om.
1096 2591 1173 2616 Mun.
1194 2606 1224 2607 j
1250 2597 1287 2622 17.
1308 2593 1522 2615 circumstantes
1541 2599 1610 2615 corr.
1630 2591 1706 2615 Mun.
1728 2604 1759 2608 —
1783 2591 1822 2615 18.
1841 2590 1941 2623 mmm]

119 2635 194 2656 11110'
214 2633 325 2656 BMUR.
346 2646 377 2649 —
401 2640 438 2664 19.
459 2633 562 2656 Eodem
576 2651 580 2656 .
593 2651 598 2656 .
611 2651 633 2657 ..
654 2633 719 2656 iulii
740 2641 788 2657 om.
809 2634 884 2657 Mun.
906 2647 937 2650 —
958 2640 998 2657 20.
1019 2633 1166 2657 Barbantis
1188 2633 1301 2658 BMUR.
1322 2647 1353 2650 —
1373 2640 1414 2664 30.
1435 2633 1540 2656 Eodem
1560 2632 1725 2663 millesimo]
1745 2633 1798 2656 Die
1818 2633 1893 2656 Mun.
1909 2646 1940 2650 —

120 2681 162 2706 32.
183 2682 304 2698 concess.
325 2676 361 2704 A3
382 2682 513 2698 concessa
532 2675 610 2699 MUR.

208 2760 214 2774 ¹
233 2761 428 2793 Rispampano
449 2764 544 2786 antica
564 2770 645 2786 rocca
667 2763 740 2786 sulla
755 2763 849 2787 destra
863 2763 907 2787 del
921 2763 1002 2787 fiume
1145 2761 1154 2777 ⁷
1173 2763 1324 2795 Engelbert
1338 2771 1391 2787 van
1408 2764 1455 2786 der
1469 2763 1557 2791 Mark,
1571 2770 1597 2786 v.
1612 2762 1706 2792 GAM5,
1719 2766 1758 2793 op.
1773 2763 1826 2793 cil„
1842 2770 1868 2794 p.
1884 2769 1940 2794 249.

118 2803 213 2835 Marti,
235 2804 278 2827 nel
300 2812 416 2827 comune
436 2804 466 2828 di
486 2804 665 2828 Toscanella.
1145 2804 1154 2820 '3
1175 2806 1322 2837 Boulognc
1341 2813 1388 2829 sur
1408 2807 1473 2829 Mer.

207 2845 217 2861 ²
236 2846 373 2875 Vetralla,
392 2854 405 2870 a
428 2853 459 2878 14
479 2847 529 2871 kil.
548 2848 583 2870 da
602 2846 728 2870 viterbo.
1143 2847 1154 2862 '³
1174 2849 1225 2871 Per
1246 2848 1318 2872 Cola
1338 2849 1364 2871 di
1387 2847 1493 2871 Rienzo
1514 2856 1527 2871 e
1547 2848 1567 2871 il
1592 2850 1664 2871 testo
1679 2847 1707 2871 dl
1722 2850 1817 2878 questa
1833 2848 1941 2878 lettera,

2016 1180 2035 1196 c.
2052 1177 2089 1194 1¹6
2099 1181 2113 1193 v

1992 1232 2068 1255 Mun„
2082 1237 2121 1255 44⁰

206 2886 216 2903 ³
235 2888 361 2919 Anagni‚
381 2895 396 2910 a
417 2894 449 2920 70
468 2888 518 2911 kil.
538 2890 612 2912 circa
633 2889 666 2912 da
687 2889 784 2912 Roma.
1057 2898 1081 2914 v.
1097 2891 1237 2913 chmcn
1257 2897 1270 2913 e
1284 2889 1312 2913 P.
1327 2890 1408 2919 an,
1426 2890 1621 2921 Βνίςῐτυεεὴςεί
1634 2891 1678 2913 des
1693 2891 1721 2913 C.
1735 2890 1765 2912 di
1777 2891 1819 2914 R..
1835 2889 1941 2917 Berlin,
1972 2893 2001 2918 15

208 2929 218 2943 ⁴
239 2929 330 2961 Liegi.
1061 2939 1140 2963 1912;
1167 2932 1337 2960 GABRIELu,
1364 2932 1392 2955 in
1421 2933 1500 2955 me·
1525 2933 1598 2955 della
1627 2932 1718 2955 Stort'a
1738 2932 1859 2961 d'ltnlt'a,
1876 2933 1942 2961 pul>-

207 2970 217 2985 5
238 2972 384 3003 Argentau
406 2972 483 2994 nella
502 2979 581 3003 prov,
601 2973 627 2995 <li
650 2971 740 3003 Liegi.
1056 2975 1156 2997 hlicate
1182 2974 1359 2997 dall'lslitula
1385 2973 1488 2997 Slarico
1517 2974 1640 3003 Italicum,
1668 2973 1714 3002 VI,
1740 2973 1830 3005 Epist.
1856 2973 1942 3002 XVII,

207 3011 218 3027 ⁶
238 3012 383 3036 Giovanni
404 3013 451 3043 111,
471 3014 492 3036 il
512 3013 692 3039 Trionsante.
1059 3024 1103 3047 pp.
1124 3015 1211 3047 48-51.
