2360 3603
188 2013 262 2039 Mun..
277 2015 315 2037 458

219 2177 240 2193 c.
254 2177 294 2197 1²9
304 2178 317 2191 v

404 240 474 276 170
1017 241 1330 276 CHRONICON
1361 241 1589 277 ESTENSE
2049 247 2099 280 [Α.
2120 249 2211 280 1350]

395 372 525 402 honore
549 371 695 402 mirabili
712 372 747 403 in
772 373 934 403 comitiva
957 382 1092 403 suorum
1116 372 1279 403 nobilium
1303 378 1336 404 et
1353 372 1567 413 populorum,
1585 371 1789 414 equestrium
1815 378 1848 403 et
1871 372 2034 413 peditum,
2050 382 2089 403 ac
2107 372 2212 403 multo

396 423 532 465 navigio
556 433 575 453 a
600 423 720 455 finibus
744 435 880 455 suorum
899 425 1083 455 confinium
1100 424 1247 465 accepit,
1265 431 1298 455 et
1324 425 1459 456 demum
1485 430 1636 465 recepto,
1661 424 1753 455 infra
1776 424 1890 455 menia
1914 424 1966 455 sui
1990 424 2108 465 palatii
2135 435 2210 456 cum

396 481 517 506 ornatu
548 476 694 507 mirabili
726 483 760 507 et
793 478 951 518 expensis
981 477 1145 515 mirificis,
1174 483 1274 518 atque
1307 476 1417 514 donis,
1444 478 1547 508 modo
1578 477 1747 508 cunsimili
1778 487 1884 518 usque
1911 477 1956 508 ad
1986 477 2037 508 sui
2067 477 2212 509 teritorii

396 529 544 559 confinia
565 528 722 562 sociavit.
770 528 839 565 Qui
863 530 1021 560 dominus
1046 529 1203 561 Marchio
1227 530 1317 560 omni
1343 529 1496 561 bonitate
1519 536 1553 560 et
1584 529 1777 561 curialitate
1808 540 1957 567 curosus,
1981 540 2039 561 sue
2063 530 2213 561 civitatis

394 580 526 611 Mutine
555 588 589 612 et
611 592 747 613 suorum
773 583 966 613 concivium
986 592 1054 613 non
1083 582 1217 618 oblitus,
1241 582 1365 624 petivit
1389 594 1430 614 ex
1452 583 1587 624 spetiali
1610 583 1722 624 gratia
1752 593 1771 613 a
1794 583 1890 614 dicto
1915 583 2053 614 domino
2078 583 2212 624 Ligato‚

394 633 549 674 predicta
572 634 644 665 eius
674 635 793 666 civitas
814 635 946 666 Mutine
972 641 1005 666 et
1029 645 1145 666 omnes
1172 636 1277 676 ipsius
1302 635 1448 666 civitatis
1463 635 1506 666 ab
1527 635 1844 666 excomunicatione
1861 635 2018 677 superius
2040 636 2214 667 nominata

395 686 527 717 absolvi
552 693 586 718 et
612 687 768 729 liberari;
792 689 849 730 qui
879 688 1036 719 dominus
1063 688 1213 729 Legatus
1244 687 1405 729 precibus
1437 688 1618 730 condignis
1641 688 1892 729 obtemperans,
1916 689 2078 729 promixit
2100 688 2214 721 eidem

395 739 533 770 domino
558 740 754 772 Marchioni
783 741 890 782 ipsius
916 741 1158 782 volumptatem
1182 741 1383 783 adimplere.

480 793 600 824 Dictus
624 793 780 825 dominus
812 795 961 836 Legatus
983 794 1045 826 ivit
1068 794 1232 830 Paduam,
1254 794 1311 826 ubi
1336 795 1497 836 generale
1520 794 1703 826 concilium
1726 795 1914 826 celebravit
1938 805 1996 826 sue
2020 795 2212 836 legationis,

394 856 471 876 cum
496 847 712 878 multitudine
737 847 944 889 prelatorum
962 853 996 879 et
1019 847 1236 886 clericorum,
1260 858 1300 879 ac
1317 848 1441 879 multas
1457 848 1584 890 gratias
1608 848 1749 879 donavit
1766 848 1969 889 petentibus,
1992 848 2078 879 inter
2097 854 2214 880 cetera

395 899 594 940 adimplevit
611 899 754 941 gratiam
776 900 973 941 promissam
999 900 1136 932 domiuo
1160 899 1355 932 Marchioni
1383 901 1510 932 estensi
1533 901 1576 932 de
1599 901 1776 932 amocione
1801 906 1834 931 et
1859 901 2081 932 relassatione
2112 910 2213 932 exco-

393 952 634 983 municationis
657 958 691 983 et
715 953 891 985 interdicti
907 954 1041 994 prefate
1060 953 1206 985 civitatis
1227 953 1372 991 Mutine,
1390 954 1508 985 Yhesu
1526 953 1652 985 Christi
1675 953 1786 996 gratia
1802 959 1837 984 et
1852 953 1980 984 domini
1998 954 2104 985 nostri
2123 964 2213 995 pape

394 1004 581 1036 Clementis
605 1005 680 1043 νιῑῑ,
697 1006 744 1037 ita
769 1007 862 1048 quod
886 1006 1082 1047 supradicto
1108 1007 1164 1038 die
1189 1005 1305 1038 divina
1330 1006 1433 1038 offitia
1457 1013 1490 1038 et
1513 1007 1688 1037 missarum
1705 1006 1892 1048 solempnia
1915 1006 2052 1048 publice
2073 1007 2213 1038 fuerunt

395 1057 570 1089 celebrata
593 1064 659 1090 etc.

479 1110 611 1142 Eodem
635 1112 814 1144 millesimo
839 1122 927 1144 cccx„
949 1119 984 1145 et
1007 1122 1123 1143 mense
1147 1112 1264 1143 madii.
1310 1112 1475 1144 Dominus
1498 1112 1669 1154 patriarca
1692 1111 1946 1154 Aquileiensis¹
1971 1118 2122 1144 mortuus
2149 1112 2214 1144 fuit

393 1163 436 1194 ab
461 1164 608 1195 inimicis
632 1166 699 1196 suis
723 1166 757 1195 in
784 1165 972 1197 Foro-iulio
996 1171 1061 1197 etc.

478 1216 608 1249 Eodem
640 1218 831 1256 millesimo,
864 1228 912 1249 xv
943 1219 1036 1250 iunii.
1083 1219 1252 1250 Dominus
1282 1219 1537 1250 Bonincontrus
1568 1219 1655 1250 filius
1685 1219 1857 1261 quondam
1889 1218 2018 1250 domini
2047 1218 2213 1261 Johannis

392 1268 542 1310 Andree‚
567 1271 723 1302 dominus
747 1271 944 1313 Raynerius
967 1271 1011 1303 de
1035 1272 1155 1303 Castro
1179 1272 1288 1303 sancti
1312 1271 1415 1309 Petri,
1440 1271 1659 1303 honorabiles
1686 1272 1778 1303 cives
1802 1271 1967 1309 Bononie‚
1990 1281 2059 1302 non
2077 1276 2216 1302 conten-

393 1322 552 1353 tabantur
575 1323 718 1355 dominii
734 1324 947 1356 dominorum
972 1326 1093 1367 Jacobi
1118 1331 1152 1357 et
1168 1326 1334 1367 Johannis
1356 1326 1501 1356 fratrum
1526 1326 1568 1357 de
1593 1325 1732 1366 Pepulis
1749 1326 1791 1356 de
1809 1325 1973 1361 Bononia,
1991 1334 2067 1356 cum
2091 1325 2215 1356 comite

391 1374 621 1406 Romandiole
639 1382 870 1408 tractaverunt
893 1377 968 1408 dari
992 1384 1025 1409 et
1047 1378 1139 1409 tradi
1164 1377 1227 1410 sibi
1250 1376 1409 1410 Castrum
1432 1379 1542 1409 sancti
1566 1378 1676 1414 Pet1i;
1695 1377 1819 1409 deinde
1834 1377 1879 1408 ad
1895 1377 2068 1419 quoddam
2083 1377 2216 1419 signum

394 1427 484 1469 ignis
507 1429 563 1459 vel
587 1429 706 1459 summi
730 1429 877 1461 debebat
901 1441 978 1461 cum
1002 1436 1075 1462 toto
1098 1441 1197 1473 posse
1222 1431 1379 1473 equitare
1403 1432 1447 1462 ad
1471 1431 1648 1463 ciuitatem
1672 1429 1839 1469 Bononie‚
1863 1435 1897 1461 et
1927 1430 1994 1472 ipsi
2021 1430 2149 1462 dabant
2172 1429 2217 1468 ei,

393 1480 528 1512 scilicet
551 1481 806 1513 Bonincontrus
828 1488 862 1513 et
885 1483 941 1514 alii
965 1483 1094 1515 dabant
1117 1484 1302 1525 yntroitum
1327 1484 1445 1516 comiti
1469 1489 1502 1515 et
1525 1485 1593 1515 suis
1619 1483 1719 1515 unius
1748 1489 1849 1524 porte
1873 1483 2031 1514 civitatis.
2076 1482 2218 1514 Interim

393 1533 606 1566 conabantur
630 1540 663 1565 et
686 1535 930 1566 ordinaverant
954 1536 1054 1567 morti
1071 1537 1207 1568 tradere
1223 1535 1336 1568 dictos
1352 1536 1508 1568 dominos
1533 1536 1696 1568 Iacobum
1713 1542 1748 1568 et
1763 1535 1949 1567 Iohannem
1964 1535 1998 1566 in
2014 1536 2079 1567 ista
2094 1535 2217 1572 forma,

394 1587 486 1627 quod
503 1587 641 1628 quando
666 1586 748 1619 dicti
773 1588 903 1619 domini
927 1589 970 1619 ad
995 1588 1151 1621 solatium
1175 1594 1360 1631 pergerent
1383 1599 1446 1630 per
1469 1589 1646 1621 civitatem
1669 1589 1839 1625 Bononie‚
1863 1594 1897 1620 et
1919 1588 2102 1619 transirent
2125 1588 2219 1629 apud

392 1639 511 1670 domos
535 1639 704 1671 dictorum
728 1641 973 1681 predictorum,
992 1642 1101 1682 parati
1118 1648 1216 1673 erant
1232 1642 1326 1673 circa
1343 1647 1378 1673 vC
1393 1641 1524 1683 pedites
1542 1652 1617 1674 cum
1635 1641 1844 1674 ronconibus
1859 1646 1892 1672 et
1909 1641 1983 1672 aliis
1998 1640 2109 1678 armis,
2126 1640 2217 1672 occi-

392 1692 476 1723 dere
499 1692 609 1723 dictos
632 1693 757 1724 fratres
782 1694 937 1725 dominos
961 1701 995 1726 et
1018 1705 1095 1726 suos
1119 1705 1294 1737 sequaces.
1343 1694 1421 1732 Que
1447 1695 1561 1726 omnia
1582 1695 1818 1736 presciverunt
1835 1694 1919 1726 dicti
1935 1694 2071 1725 Domini
2088 1699 2123 1725 et
2139 1694 2218 1735 capi

391 1744 550 1775 fecerunt
577 1755 635 1776 eos
660 1751 692 1776 et
716 1746 897 1777 conductis
919 1757 1034 1778 coram
1059 1747 1197 1779 domino
1215 1747 1370 1790 Johanne
1396 1748 1438 1780 de
1462 1747 1612 1789 Pepulis‚
1637 1748 1795 1779 dominus
1819 1747 2013 1789 Raynerius
2029 1746 2216 1788 predictus,

392 1807 478 1828 unus
502 1807 544 1828 ex
567 1798 831 1839 prodictoribus,
855 1800 919 1831 fuit
943 1801 1122 1832 confessus
1145 1801 1218 1832 sine
1242 1806 1375 1832 tortura
1397 1800 1515 1842 aliqua
1537 1800 1607 1832 tale
1631 1801 1760 1832 crimen
1784 1810 1857 1831 esse
1880 1810 2010 1837 verum,
2027 1805 2061 1831 et
2076 1804 2217 1841 propter

391 1850 458 1881 hoc
482 1851 638 1892 recipere
662 1850 836 1884 debebant
859 1863 878 1883 a
902 1854 1061 1893 predicto
1085 1853 1218 1885 Comite
1241 1854 1388 1886 florenos
1405 1859 1516 1884 xxxm.
1562 1853 1661 1885 Alter
1684 1864 1766 1885 vero
1791 1852 1982 1895 prodict0r‚
1998 1852 2132 1884 scilicet
2155 1851 2217 1884 do-

2241 849 2278 880 10

2240 1113 2277 1144 15

2239 1378 2280 1408 20

2240 1640 2279 1672 25

392 1903 502 1933 minus
525 1903 790 1943 Bonincontrus,
814 1905 930 1937 omnia
955 1907 1104 1948 negavit,
1129 1912 1161 1938 et
1185 1917 1258 1938 esse
1282 1907 1384 1944 falsa3
1409 1913 1490 1939 tunc
1515 1912 1702 1949 posuerunt
1725 1917 1801 1938 eum
1826 1907 1870 1938 ad
1892 1911 2066 1946 torturam,
2091 1911 2124 1937 et
2151 1905 2217 1938 fuit
2237 1906 2280 1937 30

392 1956 569 1987 confessus
592 1967 643 1994 ea,
668 1968 734 1999 que
760 1959 940 1990 confessus
962 1960 1076 1991 fuerat
1099 1960 1195 1997 alter,
1220 1965 1253 1991 et
1284 1961 1381 1997 ultra,
1413 1961 1506 2002 quod
1537 1972 1624 1992 unus
1654 1960 1739 1992 civis
1770 1960 1813 1991 de
1845 1959 2032 1990 maioribus
2062 1958 2216 1990 Bononie

392 2009 555 2050 consequi
579 2009 729 2042 debebat
752 2011 865 2049 etiam,
889 2011 1001 2053 quare'
1033 2018 1154 2053 captus
1178 2013 1254 2051 fuit,
1277 2019 1393 2044 tamen
1416 2013 1522 2044 nichil
1547 2013 1726 2044 confessus
1750 2013 1824 2043 fuit.
1870 2012 1969 2043 Tunc
1999 2012 2216 2043 tradiderunt

392 2062 503 2093 dictos
533 2061 750 2103 prodictores
773 2063 807 2094 in
831 2064 987 2096 manibus
1018 2065 1146 2096 domini
1169 2066 1349 2107 potestatis
1373 2064 1540 2104 Bononie‚
1565 2065 1621 2107 qui
1646 2075 1704 2097 eos
1726 2064 1958 2106 condepnavit
1987 2065 2032 2096 ad
2063 2070 2215 2095 mortem.

392 2115 493 2146 Tunc
525 2115 607 2156 ipsis
638 2116 836 2148 videntibus
857 2116 983 2149 debere
1007 2119 1104 2156 mori,
1128 2124 1343 2161 negaverunt
1366 2119 1491 2157 omnia,
1516 2129 1582 2160 que
1607 2118 1765 2150 dixerant
1787 2118 1831 2149 de
1854 2118 1992 2149 domino
2013 2116 2146 2160 Jacobo
2171 2117 2214 2148 de

394 2166 566 2199 Blanchis.
613 2169 712 2200 Tunc
744 2169 902 2201 dominus
930 2176 1080 2212 potestas
1112 2172 1156 2202 ad
1187 2171 1419 2214 aringheriam
1450 2172 1569 2213 palatii
1593 2172 1679 2203 fecit
1709 2182 1767 2203 eos
1798 2169 2010 2212 deca'pitari,
2042 2175 2075 2202 et
2105 2169 2215 2211 proici

393 2230 539 2261 corpora
563 2231 666 2262 super
689 2221 854 2263 plateam3
881 2223 1008 2255 deinde
1032 2223 1120 2256 fecit
1144 2224 1309 2268 flagellari
1333 2224 1510 2256 dominum
1525 2224 1694 2267 Jacobum
1718 2224 1762 2256 de
1776 2223 1952 2261 Blancffis,
1968 2223 2025 2265 qui
2041 2232 2214 2264 nunquam

393 2273 459 2304 fuit
482 2275 660 2306 confessus
685 2274 825 2316 aliquid,
850 2281 884 2308 et
907 2276 1108 2308 dimiserunt
1130 2288 1217 2309 eum.

480 2326 613 2358 Eodem
638 2327 826 2365 millesimo,
852 2329 906 2360 die
932 2339 994 2360 xm
1017 2330 1112 2373 junii.
1157 2330 1282 2362 Comes
1305 2330 1536 2362 Romandiole
1561 2330 1645 2362 fecit
1669 2330 1860 2373 expugnari
1884 2334 2031 2361 castrum
2058 2328 2217 2366 Solaroli,

393 2379 485 2410 circa
509 2380 601 2421 quod
624 2386 766 2412 steterat
788 2382 823 2412 in
848 2382 1040 2420 obsidione,
1071 2383 1163 2425 quod
1194 2382 1368 2415 habuisset
1399 2383 1463 2414 nisi
1495 2384 1588 2425 quod
1616 2383 1748 2424 incepit
1778 2383 1894 2425 pluvia
1924 2388 1992 2414 tam
2024 2381 2217 2424 periculosa

392 2432 485 2473 quod
508 2433 615 2464 nichil
638 2433 755 2464 facere
779 2440 974 2475 potuerunt,
1000 2441 1034 2466 et
1057 2436 1187 2468 reversi
1211 2443 1288 2467 sunt
1312 2437 1355 2467 ad
1380 2436 1571 2468 exercitum
1596 2437 1752 2478 primum.

480 2484 611 2517 Eodem
636 2486 830 2524 millesimo,
855 2487 910 2518 die
934 2488 988 2518 V1⁰
1011 2488 1135 2519 mensis
1156 2488 1240 2530 julii.
1286 2489 1456 2520 Dominus
1478 2488 1629 2531 Jacobus
1653 2495 1687 2520 et
1711 2488 1872 2520 dominus
1886 2488 2059 2530 Johannes
2083 2488 2125 2519 de
2148 2486 2216 2519 Pe-

394 2539 482 2579 pulis
505 2539 635 2570 domini
658 2540 814 2571 Bononie
838 2541 998 2573 fecerunt
1021 2542 1211 2583 decapitari
1235 2542 1408 2574 dominum
1433 2542 1704 2574 Bonincontrum
1730 2548 1763 2574 et
1793 2542 1970 2573 dominum
2001 2541 2214 2584 Raynerium

390 2596 427 2622 ut
451 2601 562 2632 supra.
609 2592 777 2623 Dominus
800 2603 917 2625 comes
940 2594 1174 2626 Romandiole
1197 2596 1329 2637 fingens
1352 2605 1388 2627 se
1412 2605 1481 2627 non
1497 2595 1602 2627 fuisse
1619 2595 1828 2637 culpabilem
1845 2595 1888 2626 de
1911 2594 2109 2636 supradicto
2125 2599 2215 2625 trac-

483 2746 504 2762 1.
524 2746 636 2763 suarum
657 2741 680 2764 A
694 2742 719 2764 B
739 2755 770 2758 —
790 2749 814 2773 4.
835 2742 1010 2774 curialitate]
1031 2743 1211 2767 cordialitate
1229 2743 1306 2768 MUR.
1328 2756 1357 2760 -—
1378 2743 1403 2767 6.
1424 2744 1577 2776 predictam
1602 2745 1662 2767 eius
1683 2744 1830 2767 civitatem
1852 2743 1927 2767 Mun.
1948 2756 1976 2760 -—
2002 2748 2040 2774 15.
2062 2741 2214 2765 millesimo

393 2787 462 2804 cceL
480 2783 506 2804 et
526 2790 574 2805 om.
594 2781 671 2806 Mun.
693 2795 700 2800 ·
720 2783 888 2814 Aquilensis
907 2785 931 2807 Α
944 2786 969 2808 Β
991 2798 1019 2801 -
1043 2791 1081 2815 17.
1101 2785 1206 2809 Eodem
1226 2785 1391 2816 millesimo]
1412 2786 1457 2809 die
1477 2786 1553 2810 MUR.
1572 2799 1605 2804 —-
1628 2793 1665 2816 19.
1686 2786 1719 2809 de
1732 2784 1875 2816 Bononia]
1891 2785 2070 2808 dominorum
2086 2784 2214 2807 Bononie

393 2824 420 2845 et
440 2823 517 2847 Mun.
539 2836 569 2839 —
590 2830 631 2847 21.
652 2824 756 2849 dabant
775 2834 822 2849 om.
842 2826 918 2850 MUR.
940 2839 970 2843 --
993 2831 1033 2857 25.
1054 2828 1119 2857 dopo
1138 2827 1223 2851 armis
1244 2828 1267 2850 Α
1280 2828 1305 2851 Β
1324 2828 1407 2852 hanno
1427 2829 1453 2851 et
1474 2841 1505 2845 --
1527 2833 1567 2859 27.
1588 2829 1615 2851 et
1634 2829 1699 2858 dopo
1712 2834 1760 2851 eos
1773 2836 1820 2851 om.
1842 2826 1954 2851 BMun.
1975 2839 2006 2843 —-
2024 2833 2068 2858 39.
2088 2826 2213 2857 pluviam

394 2865 449 2888 tam
470 2865 658 2896 periculosam
678 2867 703 2890 A
716 2868 740 2890 B

484 2964 490 2979 ¹
511 2965 667 2990 Bertrando
693 2967 725 2991 de
750 2968 775 2991 S.
802 2967 902 2993 Gen'esv
923 2969 952 2992 in
975 2976 1074 3000 guerra
1101 2977 1154 2993 con
1182 2970 1276 2994 seuda-
1330 2971 1360 2994 fu
1378 2968 1754 3003 uccisozallaRichinvelda
1776 2971 1795 2994 il
1811 2970 1951 3002 6giugno
1965 2968 2088 3001 1350‚cf.
2108 2968 2213 2996 Eunssh

393 3007 446 3030 tari
467 3008 562 3031 ribelli
582 3009 625 3031 del
646 3009 739 3033 Friuli
758 3011 899 3034 sostenuti
920 3011 965 3034 dal
987 3010 1079 3035 Conte
1099 3012 1126 3035 di
1148 3011 1275 3043 Gorizia,
1331 3017 1370 3043 op.
1390 3014 1443 3041 cit.‚
1464 3020 1490 3045 p.
1509 3019 1551 3044 99.

2239 2169 2278 2202 35

2239 2435 2280 2465 40
