2360 3603
177 721 196 735 ἰ·
211 719 258 737 037

338 240 350 273 1
364 239 407 273 12
969 233 1280 269 CHRONICON
1308 232 1536 268 ESTENSE
1866 237 1949 271 [AA.
1971 238 2167 270 1341—1342]

420 367 552 399 Eodem
586 365 762 396 millesimo
786 374 813 395 11
847 362 1008 395 octubris.
1054 362 1241 393 Maximum
1272 360 1400 392 bellum
1430 360 1494 392 fuit
1525 361 1610 392 inter
1640 359 1856 391 Florentinos
1890 365 1924 391 et
1954 359 2102 391 Pisanos
2133 360 2166 391 in

331 430 451 462 campo
476 420 567 461 apud
590 419 751 455 Luccam,
777 423 810 448 et
833 416 927 447 multi
955 425 997 447 ex
1022 420 1163 457 utraque
1187 420 1285 456 parte
1316 413 1437 444 mortui
1461 419 1553 450 sunt;
1586 419 1699 445 tamen
1732 411 1845 444 Pisani
1876 412 2102 451 obtinuerunt,
2134 419 2167 445 et

331 474 380 506 sic
405 472 552 505 conflicti
576 471 714 503 fuerunt
736 469 937 503 Florentini.

1123 598 1337 632 Mcccxm
1338 599 1369 642 J.

421 703 474 734 De
497 711 612 733 mense
636 698 818 732 februarii.r
863 698 1029 730 Dominus
1053 707 1113 729 rex
1137 696 1312 729 Robertus
1335 695 1462 738 Apulie
1486 694 1569 726 obiit
1592 695 1626 725 in
1650 692 1786 726 civitate
1803 694 1961 736 Neapoli,
1985 700 2019 726 et
2034 694 2170 737 reliquit
2216 693 2233 724 5

330 756 514 788 dominium
538 761 571 786 et
595 754 694 786 etiam
719 752 891 785 constituit
915 752 985 784 eius
1008 751 1172 783 heredem
1188 749 1414 782 Andriaxium
1438 749 1509 781 eius
1533 754 1703 790 nepotem,
1721 753 1755 779 et
1770 748 1910 779 tradidit
1926 748 1958 779 ei
1974 748 2007 779 in
2030 757 2170 779 *uxorem

332 810 434 841 filiam
457 809 553 840 ducis
578 808 650 839 eius
666 807 740 843 filii3
759 812 792 838 et
808 815 959 838 sororem
975 804 1130 847 predicte
1148 804 1285 835 domine
1303 802 1443 834 tradidit
1458 803 1494 833 in
1511 811 1651 833 uxorem
1668 800 1805 833 domino
1829 800 1975 842 principi
1999 800 2168 832 Tarantri.

419 861 551 894 Eodem
574 861 753 892 millesimo
778 858 834 891 die
858 868 941 890 vnn
966 858 1090 889 mensis
1113 857 1235 888 martii.
1282 855 1500 888 Honorabilis
1524 855 1679 886 dominus
1703 854 1858 886 dominus
1880 853 2048 885 Mastinus
2071 855 2115 885 de
2139 853 2172 884 la

333 915 444 953 Scala,
470 921 504 947 et
535 914 689 946 dominus
719 913 860 944 Tadeus
884 912 927 943 de
958 911 1100 952 Pepulis
1132 909 1354 941 adcesserunt
1385 908 1540 941 Ferrarie
1574 908 1617 939 ad
1648 907 1893 949 parlamentum
1926 916 2002 938 cum
2035 906 2171 938 domino

332 969 531 1000 marchione
555 967 721 1010 Offieone,
746 972 780 998 et
803 965 904 997 etiam
922 963 1170 996 ambaxiatores
1186 961 1394 999 Florentini;
1420 962 1454 993 in
1470 972 1538 1003 quo
1554 961 1768 1003 parlamento
1784 960 1915 991 firmata
1932 965 1982 991 est
1996 958 2173 1001 parentela
2200 959 2237 989 10

333 1023 419 1054 inter
443 1021 616 1053 dominum
638 1019 835 1056 Masfinum,
860 1024 894 1050 et
918 1017 1092 1049 dominum
1115 1016 1273 1047 Tadeum
1305 1014 1506 1052 antedictos,
1530 1013 1662 1045 scilicet
1686 1012 1729 1044 de
1752 1012 1821 1043 filia
1851 1012 1979 1044 domini
2007 1011 2173 1055 Johannis

334 1074 391 1106 filii
414 1073 541 1106 domini
564 1073 689 1115 Tadey
719 1073 754 1103 in
785 1070 959 1103 dominum
991 1070 1122 1102 Canem
1145 1068 1366 1101 Franciscum
1397 1067 1501 1098 filium
1525 1067 1608 1098 dicti
1631 1065 1760 1097 domini
1782 1065 1931 1103 Mastini‚
1960 1070 1994 1096 et
2018 1064 2061 1096 de
2085 1063 2173 1096 filial

334 1127 463 1159 domini
486 1125 624 1157 Mastini
647 1126 680 1156 in
704 1125 808 1156 filium
832 1123 954 1166 Jacobi
966 1122 977 1139 ²
994 1122 1053 1154 filii
1068 1122 1150 1154 dicti
1176 1121 1305 1154 domini
1320 1121 1459 1162 Tadey3
1478 1126 1511 1151 et
1528 1119 1573 1150 ibi
1590 1129 1713 1161 magna
1731 1118 1824 1149 curia
1840 1117 1914 1149 fuit.
1959 1116 2095 1149 Deinde
2112 1116 2174 1148 do-

333 1180 443 1211 minus
476 1180 615 1211 Tadeus
646 1178 770 1210 redivit
803 1176 992 1209 Bononiam
1025 1180 1059 1207 et
1090 1174 1247 1206 dominus
1282 1173 1451 1206 Mastinus
1482 1172 1605 1204 redivit
1636 1172 1820 1209 Veronam,
1852 1180 1954 1212 quem
1987 1169 2175 1202 adsociavit

333 1233 489 1265 dominus
511 1233 680 1270 Mambio,
693 1231 803 1274 primo
827 1231 883 1262 die
907 1229 1105 1272 Rodigium‚
1130 1228 1196 1260 alio
1221 1227 1277 1260 die
1301 1226 1553 1259 Lendenariam
1577 1226 1612 1256 in
1634 1225 1782 1267 prandio
1807 1230 1841 1256 et
1864 1224 1907 1255 ad
1930 1223 2114 1265 hospitium
2131 1223 2175 1254 ad
2202 1221 2238 1253 15

334 1293 457 1319 terram
480 1286 605 1318 Abatie
618 1285 639 1317 ³.
687 1285 758 1323 Qui
783 1284 939 1316 dominus
962 1282 1129 1314 Mastinus
1152 1281 1340 1323 hospitatus
1364 1286 1414 1312 est
1437 1280 1471 1310 in
1495 1279 1712 1316 monasterio,
1737 1284 1771 1310 et
1795 1277 1951 1310 dominus
1966 1276 2125 1308 Marchio
2141 1275 2175 1306 in

334 1340 436 1372 domo
459 1339 644 1381 potestatis,
670 1338 736 1369 alio
762 1338 819 1369 die
842 1337 997 1368 Castrum
1021 1335 1159 1367 baldum
1172 1334 1192 1366 ⁴.
1239 1334 1341 1365 Tunc
1365 1332 1520 1365 dominus
1544 1332 1712 1364 Mastinus
1735 1330 1878 1362 recessit
1900 1329 2089 1366 Veronam3
2114 1327 2176 1360 do-

333 1393 446 1424 minus
468 1392 626 1424 Marchio
649 1401 805 1423 reversus
829 1396 879 1421 est
902 1387 1129 1421 Lendenarie.

423 1446 555 1478 Eodem
578 1444 770 1481 millesimo,
783 1444 840 1476 die
862 1442 948 1485 jovis
971 1452 1044 1473 xxv
1067 1440 1195 1483 aprilis.
1243 1439 1337 1472 Obiit
1360 1450 1451 1481 papa
1474 1438 1684 1471 Benedictus
1708 1437 1742 1468 in
1767 1437 1904 1468 civitate
1929 1435 2123 1468 Avinionis.

421 1499 554 1530 Eodem
577 1497 755 1529 millesimo
781 1497 837 1528 die
862 1506 915 1527 V11
939 1494 1062 1526 mensis
1092 1493 1206 1532 madii,
1233 1493 1435 1525 constitutus
1464 1498 1514 1523 est
1536 1501 1628 1533 papa
1651 1490 1810 1522 Clemens
1838 1495 1951 1521 sextus
1963 1488 1984 1527 ⁵,
2009 1488 2068 1530 qui
2091 1494 2172 1520 tunc
2197 1488 2239 1518 20

334 1558 407 1584 erat
431 1551 611 1583 cardinalis
634 1551 669 1581 in
692 1549 865 1581 Avinioni.

420 1604 553 1636 Eodem
566 1603 754 1641 millesimo,
768 1602 824 1634 die
838 1611 946 1632 xvmr
963 1601 1088 1632 mensis
1101 1599 1215 1631 madii.
1240 1597 1460 1630 Honorabilis
1474 1597 1628 1629 dominus
1642 1596 1800 1628 dominus
1814 1594 2005 1631 Malatesta,
2019 1593 2176 1625 dominus

333 1657 478 1689 Arimini
502 1663 578 1695 etc.‚
603 1656 799 1698 capitaneus
823 1654 993 1698 generalis
1017 1653 1168 1696 gentium
1192 1651 1478 1689 Florentinorum,
1503 1656 1623 1682 contra
1646 1649 1796 1681 Pixanos
1819 1648 1966 1679 existens
1991 1652 2068 1678 ante
2094 1645 2176 1678 civi-

335 1717 437 1743 tatem
460 1710 612 1747 Lucche‚
637 1720 715 1741 cum
740 1708 892 1739 exercitu
909 1706 1195 1743 Florenfinorum,
1220 1703 1479 1742 Peruxinorum,
1504 1703 1682 1739 Senatum,
1707 1700 1947 1739 Rornandiole‚
1965 1699 2176 1731 dominorum

334 1763 500 1801 Bononie‚
526 1762 651 1795 domini
675 1761 887 1793 Marchionis
919 1759 1070 1796 estensis,
1094 1758 1224 1790 domini
1255 1756 1403 1795 Mastini‚
1428 1757 1486 1798 qui
1511 1765 1628 1787 omnes
1652 1756 1697 1787 ad
1720 1754 1868 1785 invicem
1896 1752 2057 1795 conligati
2082 1757 2179 1783 erant
2202 1750 2242 1782 25

335 1817 368 1848 in
393 1816 540 1859 quodam
563 1816 640 1848 loco
671 1816 759 1846 inter
790 1814 945 1845 Montem
969 1812 1078 1844 sancti
1109 1811 1252 1850 Quirici‚
1286 1817 1319 1842 et
1349 1815 1489 1852 pontem
1521 1809 1630 1841 sancti
1659 1807 1755 1839 Petri
1785 1816 1887 1849 super
1917 1807 2053 1845 flumen,
2085 1805 2179 1847 quod

335 1876 474 1901 vocatur
498 1868 653 1906 Serchio,
679 1877 781 1898 causa
803 1865 988 1898 sucurendi
1012 1864 1186 1896 civitatem
1202 1863 1323 1895 Luche
1340 1873 1402 1904 pro
1419 1861 1636 1899 Florentinis,
1653 1860 1734 1902 quia
1750 1859 1888 1892 obsessa
1911 1864 1984 1890 erat
2007 1868 2026 1889 a
2042 1856 2180 1889 Pixanis

335 1933 413 1954 cum
437 1921 564 1954 auxilio
588 1921 741 1964 gentium
764 1919 894 1951 domini
917 1918 1065 1950 Luchini
1088 1916 1324 1954 vicecomitis,
1349 1915 1563 1947 dominorum
1587 1913 1631 1945 de
1657 1914 1833 1956 Goncaga,
1859 1911 1991 1944 domini
2021 1909 2180 1942 Ubertini

337 1977 380 2008 de
405 1975 547 2007 Cararia
570 1974 701 2006 domini
725 1973 854 2004 Padue.
901 1972 1033 2003 Tamen
1057 1976 1178 2013 gentes
1202 1968 1478 2001 Florentinorum
1504 1978 1572 1999 non
1588 1968 1742 1999 valentes
1765 1965 1880 1997 fulciri
1904 1964 2074 1996 civitatem
2089 1963 2180 1995 Luc-

337 2029 401 2061 che
425 2034 566 2070 propter
590 2027 717 2059 dictum
740 2026 864 2057 flumen
897 2023 1017 2061 Sercli,
1043 2023 1137 2066 quod
1168 2028 1241 2053 erat
1263 2022 1297 2052 in
1330 2021 1489 2059 culmine,
1514 2026 1547 2052 et
1576 2026 1717 2061 propter
1748 2018 1896 2050 bastilias
1932 2024 1965 2049 et
1999 2016 2178 2053 forfilifias,
2203 2016 2244 2046 30

336 2092 419 2124 quas
444 2081 692 2113 constituerunt
717 2079 809 2111 circa
833 2078 1005 2110 civitatem
1022 2076 1105 2108 dicti
1127 2075 1260 2114 Pixani,
1277 2075 1323 2106 ita
1348 2072 1442 2116 quod
1465 2083 1529 2115 per
1552 2073 1648 2115 longi
1664 2071 1827 2113 temporis
1850 2070 1995 2112 spatium
2012 2069 2181 2100 exercitus

336 2134 608 2166 Florentinorum
633 2133 848 2169 tumesceret,
872 2135 1087 2162 recesserunt
1111 2129 1156 2161 de
1180 2128 1273 2160 dicto
1297 2127 1387 2165 loco,
1412 2132 1446 2158 et
1469 2126 1603 2157 iverunt
1626 2126 1661 2156 in
1687 2124 1898 2156 obsidionem
1922 2122 2014 2155 circa
2033 2128 2180 2153 castrum

336 2186 499 2229 Cirugiiss,
524 2186 616 2228 quod
640 2184 861 2227 possidebant
884 2182 1022 2219 Pixani3
1048 2181 1224 2223 nichilque
1247 2179 1466 2222 proficientes
1489 2178 1547 2217 ibi,
1572 2182 1787 2209 recesserunt
1809 2176 1890 2207 inde
1916 2182 1948 2207 et
1975 2174 2180 2206 transierunt

336 2240 479 2278 Arnum,
504 2245 538 2271 et
553 2239 688 2270 iverunt
710 2237 744 2268 in
769 2235 948 2268 obsidione
973 2235 1017 2266 ad
1042 2240 1188 2266 castrum
1211 2231 1358 2264 Martis⁷
1383 2232 1598 2268 Pixanorum,
1623 2230 1795 2271 nichilque
1818 2228 2031 2270 profitientes
2057 2227 2104 2258 ibi
2126 2238 2180 2258 re-

338 2298 522 2330 cesserunt,
546 2298 579 2323 et
602 2290 778 2322 redierunt
801 2299 919 2320 omnes
943 2298 1059 2320 versus
1084 2287 1305 2318 Florentiam.
2203 2278 2243 2311 35

429 2465 451 2482 1.
472 2457 575 2481 Eodem
596 2456 746 2480 millesimo
766 2454 800 2487 11]
821 2456 866 2480 die
892 2461 917 2479 11
937 2455 1014 2479 MUR.
1036 2467 1064 2470 —
1087 2452 1110 2477 6.
1131 2451 1298 2483 dominium]
1319 2452 1465 2476 dominum
1483 2451 1560 2475 Mun.
1582 2463 1613 2466 —
1634 2451 1657 2475 S.
1678 2449 1721 2472 nel
1746 2448 1865 2479 margine
1893 2448 1923 2470 di
1948 2447 2058 2470 sinistra
2086 2447 2116 2469 di
2139 2446 2180 2469 A.-

338 2503 381 2526 De
400 2502 573 2534 parlamento
592 2502 621 2525 in
642 2501 769 2525 Ferraria
788 2499 960 2524 marchionis
979 2498 1128 2523 Obizzonis
1147 2497 1172 2521 d.
1186 2497 1312 2525 Mastini‚
1332 2496 1360 2520 d.
1374 2495 1463 2519 Tadei
1483 2495 1516 2518 de
1530 2494 1643 2526 Pepulis
1662 2493 1810 2517 ambaxiat.
1824 2491 1932 2515 florent.
1947 2492 1973 2514 et
1987 2490 2027 2514 ibi
2040 2489 2183 2522 parentela

338 2547 412 2571 facta
431 2546 473 2570 est
491 2546 566 2569 inter
579 2545 604 2569 d.
617 2545 772 2569 Mastinum
791 2545 820 2567 et
839 2544 865 2568 d.
879 2544 1002 2567 Tadeum
1026 2556 1051 2558 —
1068 2550 1093 2573 9.
1108 2541 1264 2566 Ferrariam
1282 2541 1361 2565 MUR.
1382 2552 1413 2556 —
1436 2546 1475 2571 13.
1489 2539 1561 2563 dicti
1579 2546 1627 2562 om.
1641 2538 1719 2562 MUR.
1740 2551 1772 2554 —
1794 2542 1833 2567 17.
1854 2535 1951 2568 domo]
1972 2534 2083 2558 domum
2103 2534 2126 2557 A
2152 2547 2182 2550 —

342 2592 381 2616 18.
401 2590 606 2614 Laudenariam
625 2589 651 2612 B
669 2589 747 2613 MUR.
762 2601 793 2605 —
810 2595 851 2620 19.
865 2588 908 2611 nel
926 2588 1044 2618 margine
1059 2587 1088 2609 di
1104 2587 1215 2609 sinistra
1228 2585 1258 2607 dz'
1270 2585 1310 2608 A:
1325 2585 1367 2608 De
1379 2585 1469 2608 morte
1482 2590 1555 2616 papa
1568 2582 1716 2607 Benedicti
1731 2594 1763 2598 —
1778 2587 1818 2604 zo.
1834 2579 1878 2603 nel
1895 2579 2014 2610 margine
2033 2578 2063 2601 di
2073 2578 2183 2601 sinistra

296 2641 305 2646 ”
338 2635 368 2657 in
379 2634 403 2657 A
417 2633 598 2658 Constitutus
611 2634 655 2657 est
667 2640 741 2665 papa
753 2632 882 2657 Clemens
896 2633 990 2656 sextus
1002 2644 1033 2648 —
1045 2637 1086 2661 23.
1100 2629 1165 2661 etc.]
1179 2631 1207 2653 et
1221 2629 1299 2653 MUR.
1322 2642 1352 2645 —
1374 2633 1416 2658 25.
1434 2629 1483 2658 qui
1501 2635 1562 2659 agg.
1581 2627 1659 2651 Mun.
1672 2639 1704 2643 -
1720 2632 1761 2656 ³9·
1780 2623 1883 2648 fulcire
1902 2623 1980 2647 MUR.
1995 2635 2026 2640 —-
2040 2628 2081 2654 3²·
2096 2621 2182 2645 fame-

338 2677 438 2710 sceret]
458 2677 608 2702 [amescens
628 2677 650 2700 A
673 2689 704 2693 —
724 2682 765 2708 33.
786 2675 896 2708 Cirugii
916 2676 1002 2698 scritto
1017 2675 1229 2706 posterz'ormente
1250 2672 1277 2696 in
1298 2672 1321 2696 A
1341 2672 1410 2695 dallo
1428 2675 1503 2695 stesso
1523 2671 1618 2702 copz‘sta
1637 2677 1667 2693 sn
1687 2669 1781 2693 lacuna

430 2773 437 2789 ¹
458 2775 590 2799 Beatrice.
612 2774 713 2802 Vnam,
734 2773 802 2797 δίον.
823 2774 848 2797 A.
868 2772 961 2796 illan-a
984 2772 1068 2799 Triv.¹
1089 2771 1136 2800 XI,
1159 2777 1217 2795 121.
1380 2767 1391 2783 3
1411 2768 1498 2792 Radia
1517 2767 1649 2791 Polesine
1670 2774 1685 2790 a
1705 2771 1736 2795 27
1756 2765 1805 2788 kil.
1826 2764 1859 2789 O.
1880 2764 1915 2788 da
1935 2763 2055 2794 Rovigo.

430 2814 440 2830 ²
460 2816 574 2840 Andrea
593 2815 671 2846 figlio
686 2815 716 2838 di
730 2815 875 2839 Giovanni
894 2814 1001 2845 Pepoli.
1040 2813 1064 2836 11
1094 2806 1235 2836 Clzrorii-
1379 2809 1389 2826 ⁴
1409 2810 1590 2835 Castelbaldo
1610 2809 1656 2833 nel
1671 2809 1779 2832 Veneto
1793 2814 1808 2830 a
1825 2813 1854 2838 13
1869 2806 1918 2830 kil.
1932 2806 1967 2829 da
1981 2805 2183 2836 Moutagnana.

342 2866 401 2881 con
424 2857 499 2881 Este
508 2864 563 2880 nse
587 2858 799 2880 erroneamente
824 2856 938 2879 afferma
962 2855 1012 2878 che
1037 2855 1066 2878 lo
1085 2861 1170 2886 sposo
1190 2861 1237 2877 era
1380 2851 1391 2867 5
1410 2853 1505 2876 Pietro
1525 2851 1619 2882 Roger
1638 2850 1667 2873 di
1686 2849 1831 2873 Mauruont
1850 2846 2016 2880 (Limoges).
2217 2850 2246 2874 15

286 2911 316 2927 10
343 2900 420 2931 figlio
440 2899 468 2922 di
488 2899 632 2923 Giacomo.
671 2898 701 2921 Si
722 2898 829 2923 osservi
849 2904 952 2921 ancora
970 2896 1019 2920 che
1032 2896 1126 2927 questi
1139 2895 1236 2919 matri·
1381 2891 1392 2908 ⁶
1411 2894 1502 2917 Rocca
1522 2893 1566 2916 del
1585 2891 1730 2922 Cerruglio
1751 2890 1781 2914 in
1801 2890 1854 2914 Val
1866 2889 1895 2913 di
1910 2889 2026 2913 Nievole
2040 2894 2090 2911 ora
2103 2887 2185 2911 Mon-

345 2942 423 2965 moni
441 2940 544 2964 furono
565 2940 727 2969 combinati,
749 2946 792 2963 rna
812 2947 869 2963 non
894 2939 1022 2970 eseguiti.
1061 2937 1106 2962 Cf.
1132 2937 1236 2966 Vener,
1293 2935 1408 2960 tecarlo.

346 2983 412 3006 Stor.
433 2983 458 3007 d.
476 2983 568 3006 sslan‘a
590 2982 675 3009 Triv„
695 2981 742 3011 XI,
763 2989 789 3013 p.
814 2987 858 3005 121
882 2988 895 3004 e
915 2981 975 3004 doc.
998 2986 1071 3012 147¹·
1381 2975 1391 2991 ⁷
1412 2976 1499 3000 Marti
1512 2975 1625 3000 castello
1639 2974 1682 2997 nel
1696 2980 1812 2998 comune
1826 2973 1855 2996 di
1869 2972 1963 2996 Palaia
1977 2977 2056 3003 prov.
2067 2969 2097 2993 di
2110 2969 2184 2993 Pisa.
