2360 3603
118 227 167 262 [Α.
188 227 282 260 1350]
740 219 1049 255 CHRONICON
1078 219 1306 255 ESTENSE
1856 220 1919 258 171

114 358 195 389 tatu,
219 357 332 384 tamen
350 351 524 394 cogitabat
539 352 718 383 adsumere
734 351 922 383 vindictam
939 351 982 382 de
998 356 1106 383 morte
1123 350 1269 389 illorum,
1287 352 1441 393 quamvis
1458 362 1499 383 ex
1523 352 1650 383 licteris
1674 351 1927 383 demonstrabat

115 405 260 436 amicum
285 415 358 436 esse
383 405 595 437 dominorum
627 404 793 436 Bononie.
839 404 1027 435 Destinavit
1058 414 1140 446 ergo
1171 414 1286 436 comes
1317 405 1415 436 dictis
1446 404 1595 436 dominis
1625 405 1772 442 lieteras‚
1803 414 1927 446 rogans

114 468 183 495 eos,
205 458 296 500 quod
319 457 385 489 sibi
409 458 626 490 consulerent
649 458 692 489 de
717 457 861 500 agendis
885 457 978 488 circa
1002 456 1217 489 obsidionem
1237 458 1339 488 castri
1363 457 1520 494 Solaroli‚
1537 458 1563 489 si
1580 457 1761 488 videbatur
1785 458 1833 488 eis
1849 468 1928 498 pro-

111 511 234 542 cedere
257 511 293 541 in
316 521 440 552 guerra
463 510 612 551 incepta,
635 509 690 541 vel
714 520 832 551 pacem
858 515 1018 548 tractare,
1041 516 1074 540 et
1097 510 1190 551 quod
1221 510 1264 541 de
1295 510 1360 541 hoc
1391 510 1530 541 volebat
1562 510 1743 542 consilium
1766 510 1928 550 ipsorum,

69 562 87 594 5
112 569 282 605 tamquam
305 563 542 604 perfectorum
565 563 763 594 amicorum.
808 563 942 601 Quibus
965 562 1081 594 verbis
1105 573 1172 593 non
1190 573 1316 594 cavens
1338 562 1400 594 sibi
1425 563 1583 595 dominus
1598 563 1772 605 Johannes
1797 563 1840 594 de
1864 562 1928 594 Pe-

111 616 210 657 pulis,
235 615 293 657 qui
315 615 452 656 sapiens
475 615 707 656 reputabatur,
732 621 765 647 et
787 615 831 646 ab
853 615 985 647 insidiis
1008 615 1084 646 talis
1106 615 1248 653 inimici,
1273 625 1349 646 cum
1374 615 1542 657 aliquibus
1566 615 1609 646 de
1633 615 1702 646 suis
1726 615 1868 646 recessit
1884 615 1927 646 de

116 668 279 707 Bononia,
303 673 335 700 et
357 668 530 711 ingressus
553 674 602 700 est
625 668 669 699 ad
693 670 878 700 exercitum
904 668 985 700 dicti
1009 668 1163 705 Comitis,
1187 675 1221 700 et
1244 668 1422 700 descendit
1451 668 1513 699 sub
1543 669 1648 700 tenda
1673 669 1744 699 eius
1774 669 1808 698 in
1832 668 1927 701 dicto

109 731 242 762 campo,
274 721 331 762 qui
361 721 486 753 Comes
516 720 607 751 illari
639 720 735 752 vultu
766 721 896 763 fingens
927 731 974 758 se,
1006 721 1140 762 recepit
1170 721 1341 752 dominum
1369 721 1559 763 Johannern
1592 721 1744 762 fecitque
1776 721 1926 761 aportari

110 775 224 805 vinum
248 780 282 805 et
306 773 543 805 confectiones
565 774 600 804 in
623 773 769 804 maxima
792 774 993 815 quantitate,
1025 773 1160 805 demum
1191 774 1298 805 locuti
1329 780 1409 805 sunt
1432 775 1475 805 ad
1506 773 1654 805 invicem
1687 775 1729 805 de
1760 774 1834 810 hiis,
1860 785 1926 816 que

51 827 88 858 10
112 827 217 858 voluit
240 826 350 858 dictus
373 826 508 863 Comes,
531 832 651 867 petens
674 837 694 857 a
717 825 855 858 domino
879 827 1035 868 Johanne
1059 826 1247 858 consilium.
1293 825 1362 857 Suo
1386 827 1490 869 igitur
1507 826 1677 868 colloquio
1695 827 1759 857 fine
1775 827 1867 858 facto
1884 827 1927 858 ab

111 880 194 911 hora
217 889 307 910 none
330 890 437 921 usque
465 889 637 920 vesperas,
669 880 826 911 dominus
857 879 1029 921 Johannes
1061 880 1255 922 congedum
1285 879 1383 921 petiit
1415 890 1434 910 a
1465 880 1603 911 domino
1634 879 1778 917 Comite‚
1809 879 1928 910 volens

112 932 248 976 ingredi
271 931 426 964 Lucum¹
452 938 598 964 castrum
629 942 724 963 suum
749 932 792 964 ad
820 931 1014 974 hospitium.
1060 932 1146 964 Cum
1177 943 1258 963 vero
1290 933 1453 964 recedere
1485 932 1598 971 vellet,
1626 932 1781 963 dominus
1804 932 1928 964 Comes

110 985 194 1017 fecit
218 996 295 1016 eum
319 985 465 1017 detineri
477 984 499 1022 ²,
522 990 556 1016 et
580 996 657 1017 cum
681 994 722 1016 00
745 985 814 1016 suis
830 984 990 1016 militibus
1007 985 1097 1016 misis
1116 995 1192 1016 eum
1217 985 1387 1017 civitatem
1413 984 1548 1022 Ymole,
1571 992 1603 1016 et
1626 985 1757 1017 includi
1782 985 1927 1017 carceri-

111 1038 172 1069 bus
195 1039 295 1070 castri
320 1038 412 1070 dicte
436 1038 597 1075 civitatis,
621 1044 656 1070 et
679 1038 756 1070 sotii
781 1038 851 1069 eius
874 1038 980 1081 aliqui
1004 1039 1182 1077 carcerati,
1205 1045 1239 1070 et
1261 1038 1319 1069 alii
1345 1038 1499 1070 derobati
1522 1039 1660 1070 fuerunt
1684 1044 1750 1070 etc.

50 1091 86 1122 15
198 1092 331 1123 Eodem
354 1091 544 1129 millesimo,
568 1092 622 1123 die
647 1091 743 1123 νῙῙΠο
766 1091 851 1124 dicti
874 1090 1009 1122 mensis.
1056 1091 1180 1123 Comes
1203 1091 1378 1132 predictus
1409 1101 1485 1122 cum
1517 1092 1668 1122 exercitu
1699 1101 1760 1122 suo
1783 1091 1928 1133 ingressi

110 1151 187 1176 sunt
210 1145 368 1176 Castrum
391 1144 498 1176 sancti
522 1145 625 1182 Petri,
648 1145 826 1187 ipsumque
850 1144 995 1176 viriliter
1017 1151 1310 1186 expugnaverunt,
1334 1150 1368 1176 et
1390 1155 1450 1186 per
1473 1144 1542 1174 vim
1566 1145 1783 1176 obtinuerunt
1805 1154 1890 1176 eum.

198 1198 330 1229 Eodem
354 1197 542 1234 millesimo,
567 1198 622 1229 die
646 1208 667 1228 x
683 1197 906 1239 mensisjulii.
953 1197 1078 1229 Comes
1095 1207 1171 1228 cum
1188 1197 1339 1228 exercitu
1354 1197 1606 1229 castramentati
1621 1203 1698 1228 sunt
1719 1198 1764 1228 ad
1788 1203 1927 1238 pontem

110 1250 244 1293 Lydixe
255 1249 279 1288 ³,
301 1249 429 1280 deinde
453 1255 680 1287 recesserunt,
704 1256 739 1281 et
761 1249 903 1292 ingressi
927 1256 1003 1281 sunt
1027 1248 1182 1281 Castrum
1207 1250 1317 1281 sancti
1341 1249 1445 1281 Petri.

198 1303 331 1334 Eodem
354 1302 535 1334 millesimo
560 1309 594 1334 et
617 1313 744 1339 mense,
768 1308 912 1334 vacante
937 1303 1012 1334 loco
1039 1303 1166 1335 domini
1191 1302 1360 1344 patriarce
1384 1302 1616 1344 Aquileiensis
1638 1302 1796 1334 defuncti
1811 1303 1834 1339 ⁴,
1858 1302 1927 1334 dux

44 1358 85 1388 20
109 1355 248 1388 Austrie
272 1361 494 1388 conservator
516 1356 753 1397 patriarcatus,
776 1360 810 1387 et
833 1354 927 1387 dicte
952 1355 1053 1394 sedis,
1075 1361 1109 1387 et
1133 1356 1227 1398 gravi
1251 1355 1448 1388 infirmitate
1473 1366 1642 1396 opressus,
1666 1362 1699 1387 et
1722 1366 1789 1387 non
1809 1356 1926 1388 valens

107 1408 334 1450 personaliter
349 1409 521 1440 adcedere
545 1408 669 1440 direxit
690 1409 737 1440 ibi
761 1409 920 1441 comitem
946 1407 1182 1445 Gualfredum,
1206 1415 1376 1450 tamquam
1397 1409 1582 1445 Vicarium,
1599 1418 1676 1440 cum
1693 1408 1825 1440 duobus
1841 1408 1928 1440 mili-

109 1462 171 1494 bus
192 1461 329 1505 galleis'
347 1462 518 1493 coronatis
534 1468 568 1493 et
583 1462 721 1493 intravit
733 1461 768 1493 in
785 1461 898 1499 offitio,
915 1468 997 1494 tunc
1014 1462 1120 1493 multe
1135 1461 1300 1493 fortilicie
1318 1461 1578 1493 circumstantes
1593 1461 1797 1493 obedierunt
1813 1462 1846 1493 ei
1864 1468 1927 1493 etc.

196 1514 327 1546 Eodem
350 1514 528 1546 millesimo
553 1515 667 1553 CCCL0,
691 1515 733 1546 de
757 1525 871 1546 mense
894 1514 980 1557 julii.
1025 1514 1148 1546 Comes
1172 1514 1402 1546 Romandiole
1434 1515 1613 1546 tenebatur
1638 1515 1772 1546 solvere
1801 1515 1929 1556 stipen-

109 1568 224 1600 diariis
258 1567 326 1599 suis
361 1567 452 1599 circa
486 1573 607 1599 1.xxx¹¹¹
643 1567 790 1599 florenos
823 1568 906 1605 auri,
939 1573 973 1599 et
1003 1578 1071 1599 non
1103 1568 1221 1599 valens
1254 1568 1320 1599 hoc
1351 1568 1482 1604 facere,
1513 1573 1651 1609 pactum
1685 1568 1753 1599 tale
1785 1567 1929 1609 pepigit,

44 1620 84 1652 25
111 1621 274 1652 videlicet
296 1619 389 1662 quod
413 1621 584 1652 concessit
607 1620 657 1652 eis
680 1620 818 1652 nomine
841 1620 994 1662 pignoris
1017 1626 1050 1652 et
1074 1621 1265 1652 securitatis
1289 1620 1462 1652 dictorum
1495 1621 1724 1657 denariorum,
1755 1620 1928 1652 dominum

109 1674 300 1717 Johannem
325 1674 368 1704 de
392 1673 531 1715 Pepulis
554 1673 789 1715 dete[m]ptum
805 1680 838 1706 et
855 1679 1070 1705 carceratum
1092 1679 1130 1705 ut
1153 1684 1265 1715 supra,
1290 1680 1324 1705 et
1341 1673 1498 1705 Castrum
1515 1674 1625 1706 sancti
1641 1673 1735 1706 Petri
1752 1674 1796 1705 ad
1813 1679 1925 1705 custo-

109 1726 200 1759 diam
224 1727 395 1758 dictorum
419 1726 729 1768 stipendiariorum,
755 1733 790 1758 et
812 1727 897 1758 fecit
928 1727 1079 1758 conduci
1107 1726 1282 1759 dominum
1308 1727 1500 1769 Johannem
1531 1727 1575 1758 ad
1607 1726 1734 1758 dictum
1767 1732 1926 1762 castrum,

107 1779 316 1821 promictens
339 1779 462 1811 Comes
485 1779 552 1811 illis
575 1780 817 1821 stipendiariis,
841 1779 933 1822 quod
957 1779 1184 1816 satisfaceret,
1207 1779 1342 1822 integre
1367 1779 1415 1811 eis
1438 1790 1543 1822 usque
1567 1789 1629 1820 per
1647 1784 1752 1811 totum
1776 1789 1926 1810 mensem

106 1832 310 1874 septembris
332 1834 441 1874 prox!
467 1838 502 1864 et
516 1832 542 1863 si
560 1833 609 1864 sic
625 1843 693 1864 non
716 1833 855 1870 faceret,
871 1833 944 1874 ipse
961 1838 1033 1864 erat
1050 1838 1230 1864 contentus
1247 1832 1413 1864 licentiati
1429 1833 1479 1864 eis
1495 1832 1603 1863 libere
1621 1838 1767 1864 castrum
1785 1831 1922 1873 predic-

42 1886 84 1917 30
108 1891 188 1923 tum,
212 1895 252 1917 ac
269 1895 448 1925 personam
466 1885 593 1917 domini
609 1885 788 1927 Johannis‚
805 1891 838 1917 et
854 1886 947 1927 quod
963 1885 1006 1917 de
1024 1885 1086 1916 hiis
1102 1891 1241 1926 possent
1258 1885 1422 1927 consequi
1438 1885 1673 1926 volunptatem
1690 1886 1839 1926 ipsorum
1858 1891 1924 1916 etc.

193 1938 325 1969 Eodem
348 1937 539 1975 millesimo,
556 1938 612 1969 die
629 1938 696 1969 vn⁰
719 1939 863 1981 augusti.
910 1939 1072 1970 Dominus
1094 1938 1261 1969 Mastinus
1285 1938 1327 1969 de
1347 1938 1378 1969 la
1395 1938 1497 1970 Scala
1513 1938 1607 1969 mixit
1622 1944 1740 1979 gentes
1763 1937 1926 1968 maximas

107 1991 351 2033 armigerorum
366 1991 401 2021 in
425 1990 613 2022 subsidium
637 1991 767 2022 domini
792 1992 924 2023 comitis
940 1990 1171 2023 Romandiole
1189 1991 1222 2021 in
1241 1990 1510 2022 destructionem
1527 1990 1740 2022 dominorum
1758 1990 1924 2027 Bononie,

108 2044 190 2086 quia
213 2044 298 2076 dicti
322 2043 450 2075 domini
474 2044 626 2076 Bononie
650 2044 814 2076 auxilium
839 2044 1007 2076 dederant
1039 2044 1186 2075 dominis
1217 2043 1360 2076 Mantue
1392 2050 1511 2075 contra
1542 2043 1716 2075 dominum
1741 2043 1925 2074 Mastinum

107 2103 260 2138 tempore
284 2107 420 2139 guerre,
443 2107 543 2138 quam
569 2103 770 2129 exercuerat
794 2104 914 2129 contra
938 2097 1154 2129 Mantuanos.

43 2149 83 2181 35
196 2149 329 2181 Eodem
352 2149 530 2181 millesimo
553 2156 587 2181 et
609 2160 736 2182 mense.
781 2151 867 2183 Cum
885 2151 1042 2182 dominus
1058 2160 1172 2182 comes
1189 2149 1419 2182 Romandiole
1437 2150 1633 2182 carceribus
1649 2149 1816 2180 inclusum
1832 2155 1926 2180 tene-

107 2208 159 2234 ret
182 2202 357 2234 dominum
381 2202 573 2244 Johannem
597 2203 640 2234 de
665 2203 808 2244 Pepulis
830 2204 952 2235 fraude
977 2203 1163 2241 antedicta,
1187 2208 1308 2244 petens
1338 2202 1381 2234 ab
1409 2213 1449 2234 eo
1481 2202 1748 2233 dominationem
1779 2202 1927 2234 civitatis

106 2256 273 2295 Bononie,
299 2266 365 2297 que
390 2256 504 2287 omnia
527 2257 702 2297 presciens
726 2256 883 2288 dominus
915 2256 1090 2299 Johannes
1120 2257 1326 2288 vicecomes
1357 2256 1559 2292 Mediolani,
1590 2261 1622 2286 et
1652 2255 1781 2296 pietate
1805 2262 1925 2293 motus,

108 2319 152 2340 ne
177 2309 288 2340 dictus
311 2308 436 2340 Comes
460 2309 637 2340 civitatem
661 2309 816 2341 Bononie
839 2310 1058 2342 subverteret
1081 2309 1114 2340 in
1138 2309 1300 2340 auxilium
1324 2309 1542 2340 dominorum
1560 2308 1715 2340 Bononie
1731 2308 1830 2340 mixit
1853 2319 1924 2339 ma-

107 2362 215 2393 ximas
239 2361 444 2403 quantitates
466 2362 621 2403 gentium
645 2364 853 2404 equestrium
877 2369 911 2394 et
934 2363 1143 2404 pedestrium
1169 2369 1234 2395 etc.

43 2415 84 2445 40
196 2412 327 2445 Eodem
350 2413 540 2452 millesimo,
565 2420 599 2446 et
622 2425 749 2446 mense.
797 2415 930 2447 Nobilis
953 2416 1050 2446 miles
1073 2414 1230 2446 dominus
1253 2414 1436 2445 Malatesta
1459 2413 1503 2445 de
1527 2413 1681 2445 Arimino
1698 2415 1926 2455 personaliter

107 2477 183 2498 cum
207 2472 280 2498 toto
303 2476 403 2508 posse
427 2466 487 2498 ivit
509 2467 544 2497 in
568 2466 727 2498 auxilium
751 2467 966 2500 dominorum
990 2467 1155 2506 Bononie,
1180 2473 1213 2498 et
1236 2467 1393 2499 similiter
1408 2467 1563 2498 dominus
1580 2466 1749 2510 Ugolinus
1766 2467 1809 2498 de
1833 2467 1926 2499 Gon-

2016 1472 2035 1488 c.
2051 1472 2112 1490 1107

1982 1837 2057 1859 MUR.»
2070 1842 2109 1860 459

198 2603 223 2621 2.
241 2597 307 2626 dopo
326 2597 445 2620 amicum
464 2597 542 2621 Mun.
561 2606 629 2629 agg.
650 2604 677 2621 se
697 2611 728 2614 —
748 2605 772 2629 4.
793 2598 825 2622 de
844 2599 898 2622 hoc
923 2607 1015 2623 manca
1040 2599 1066 2622 in
1093 2599 1118 2622 B
1141 2599 1218 2622 MUR.
1244 2611 1275 2615 —
1303 2604 1325 2628 5.
1352 2596 1553 2629 perfectorum]
1580 2597 1694 2629 perfect.
1720 2598 1759 2625 A;
1786 2597 1925 2628 perfectus

109 2638 222 2662 ΒΜυκ.
242 2651 250 2655 -
265 2638 381 2661 domino
400 2638 520 2662 Iohanni
540 2640 565 2663 A
578 2640 603 2663 Β
621 2652 653 2656 -
672 2647 697 2671 9.
716 2637 784 2672 hiis]
804 2640 838 2663 iis
858 2640 934 2664 Mun.
955 2654 986 2657 —
1009 2647 1047 2664 10.
1067 2640 1116 2664 Sui
1136 2640 1224 2671 igitur
1243 2639 1369 2670 colloqui
1390 2640 1466 2663 Mun.
1488 2653 1516 2656 —
1535 2646 1573 2662 11.
1588 2647 1662 2662 nona
1678 2639 1789 2663 BMt-R.
1804 2653 1812 2657 -
1827 2647 1925 2671 conge—

109 2679 167 2704 ium
187 2680 246 2704 AB
264 2693 297 2696 —
319 2686 358 2710 14.
378 2682 405 2704 et
424 2679 488 2713 alii]
503 2681 593 2712 aliqui
607 2681 720 2705 BMt-n.
740 2695 771 2699 -
794 2689 833 2713 19.
853 2682 1004 2706 millesimo
1019 2684 1045 2706 et
1059 2690 1106 2706 om.
1126 2682 1204 2706 Mun.
1218 2695 1226 2699 -
1242 2682 1406 2712 Aquilensis
1420 2682 1443 2704 A
1458 2682 1482 2705 Β
1494 2695 1527 2698 -
1542 2687 1629 2705 21-22.
1644 2679 1770 2714 milibus]
1786 2682 1924 2705 militibus

110 2722 188 2746 Mun.
207 2735 215 2738 -
235 2723 381 2745 coronatis
400 2722 438 2754 et]
456 2725 608 2746 coronatus
630 2722 745 2747 BMUR.
765 2736 772 2740 -
794 2725 837 2747 nel
855 2725 978 2755 margine
998 2725 1128 2756 inferiore
1151 2724 1177 2746 in
1197 2724 1235 2747 A:
1256 2725 1401 2747 coronatis
1420 2725 1447 2747 et
1467 2723 1541 2754 cepit
1560 2736 1569 2740 -
1584 2724 1675 2753 prima
1701 2724 1731 2746 di
1754 2725 1873 2747 intravit
1898 2725 1924 2746 in

64 2769 77 2794 5
109 2764 132 2787 Α
153 2763 228 2794 cepit
247 2764 355 2787 cancell.
375 2772 420 2788 con
440 2773 472 2787 un
492 2765 554 2796 rigo
574 2778 605 2781 -
627 2771 667 2795 23.
687 2764 863 2789 Eodem....
882 2771 950 2789 ccct.
969 2774 1017 2790 om.
1037 2766 1114 2790 MUR.
1135 2779 1166 2782 —
1187 2764 1227 2788 26.
1247 2764 1430 2797 detemptum]
1445 2766 1587 2796 deteptum
1602 2766 1639 2793 A;
1654 2765 1799 2796 deceptum
1815 2765 1926 2789 BMUR.

108 2818 141 2822 ——
161 2812 202 2836 29.
221 2803 313 2837 prox]
332 2812 382 2836 pro
401 2812 420 2829 x
438 2805 516 2830 Men.
536 2819 568 2823 ’-
589 2812 630 2838 35.
648 2807 799 2830 millesimo
819 2810 845 2831 et
864 2816 912 2831 om.
931 2807 1008 2832 Mun.

192 2900 200 2916 ¹
220 2901 301 2933 Lugo
321 2909 335 2925 a
358 2908 387 2933 17
408 2902 457 2926 kil.
477 2903 551 2926 circa
570 2903 604 2927 da
623 2903 766 2927 Ravenna.
1130 2901 1140 2917 ³
1159 2904 1250 2927 Ponte
1270 2903 1411 2927 sull'Idice
1430 2911 1445 2927 a
1468 2902 1499 2927 16
1518 2903 1568 2927 kil.
1589 2903 1623 2927 da
1644 2903 1897 2935 Castelsampietro
1910 2911 1924 2926 e
1956 2909 1986 2926 ιο

192 2942 202 2958 2
221 2944 349 2967 Secondo
369 2945 390 2968 il
410 2943 518 2968 Villani
539 2944 641 2975 (Cron.,
658 2945 679 2974 Ι,
700 2944 744 2976 58)
764 2945 791 2969 la
811 2948 922 2970 cattura
942 2947 986 2970 del
1043 2953 1058 2969 a
1077 2953 1148 2977 poco
1168 2943 1217 2976 piu
1237 2945 1265 2968 di
1287 2951 1300 2975 7
1321 2945 1355 2968 da
1375 2945 1513 2976 Bologna.

104 2984 205 3016 Pepoli
225 2993 353 3010 avvenne
373 2987 400 3009 in
421 2986 552 3010 Solarolo
573 2987 594 3010 il
615 2986 647 3010 26
667 2987 758 3018 luglio
781 2994 856 3020 1350.
1130 2986 1141 3001 ⁴
1161 2987 1195 3011 V.
1215 2995 1234 3010 r.
1255 2995 1270 3011 a
1289 2994 1315 3019 p.
1337 2993 1395 3018 170.
