2360 3603
217 1400 235 1415 c.
251 1395 291 1413 128
299 1400 307 1412 ›

192 2029 265 2048 Mun..
281 2030 320 2053 ⁴5⁶

398 249 466 283 168
1012 245 1324 281 CHRONICON
1354 244 1584 279 ESTENSE
2041 251 2093 284 [A.
2113 252 2204 286 1350]

477 379 607 410 Eodem
625 378 813 415 millesimo,
831 378 887 409 die
905 387 980 408 xvn
997 378 1120 408 mensis
1133 376 1308 408 februarii.
1339 376 1505 407 Dominus
1519 375 1632 407 Guido
1644 375 1835 407 kardinalis
1847 382 1880 407 et
1894 385 2008 407 comes
2024 376 2177 409 Bononie
2192 377 2202 394 ¹

387 431 527 463 veniens
551 432 593 462 de
618 430 769 472 partibus
782 430 1006 462 venetiarum
1022 429 1164 470 aplicuit
1188 427 1360 460 Guardam
1375 427 1385 444 ²
1410 428 1585 460 districtus
1601 428 1628 459 F
1630 429 1766 465 errarie‚
1792 429 1846 459 cui
1864 428 2051 460 honorifice
2068 429 2202 460 obviam

388 486 561 527 ingressus
584 490 634 515 est
658 483 814 516 dominus
830 483 938 525 Obico
962 483 1114 514 marchio
1131 482 1273 513 estensis
1296 487 1373 518 etc„
1394 482 1530 524 alioque
1555 482 1611 512 die
1634 481 1802 512 conduxit
1825 481 1934 522 ipsum
1958 483 2150 514 Ferrariam
2167 483 2204 514 in

389 538 524 569 domum
549 547 653 567 suam.
699 535 778 567 Alio
803 536 858 568 die
875 536 1019 567 recessit
1035 535 1078 566 de
1095 535 1253 567 Ferraria
1268 545 1335 565 una
1351 545 1427 565 cum
1445 534 1582 565 domino
1598 534 1802 565 Marchione
1818 535 1987 575 predicto,
2011 540 2045 565 et
2061 535 2203 577 ingressi

388 596 464 621 sunt
486 590 687 632 Argentam,
711 595 745 620 et
767 588 932 630 hospitati
955 594 1031 619 sunt
1054 588 1087 618 in
1113 593 1226 619 castro
1251 587 1382 618 domini
1405 586 1634 623 Marchionis;
1660 586 1726 617 alio
1756 587 1812 618 die
1829 587 1894 618 iter
1916 587 2063 628 arripuit
2085 598 2204 619 versus

388 643 591 674 Ravennam
617 641 779 673 continue
803 642 837 672 in
861 641 997 683 navigio
1011 640 1138 672 domini
1161 640 1382 671 Marchionis.
1429 640 1529 671 Tunc
1554 640 1711 671 dominus
1734 639 1966 671 Bernardinus
1989 641 2033 672 de
2059 640 2204 672 Polenta

387 695 537 727 visitavit
560 706 636 726 eum
661 706 737 726 cum
763 694 908 725 maximo
933 695 1075 726 honore.

473 748 605 780 Eodem
630 748 808 779 millesimo
833 753 865 778 et
889 757 1016 779 mense.
1062 747 1228 778 Dominus
1251 746 1423 788 Johannes
1447 746 1618 787 quondam
1641 746 1768 777 domini
1795 746 1939 788 Ricardi
1963 746 2006 777 de
2037 746 2204 778 Faventia

387 811 448 843 per
470 801 536 832 vim
567 801 715 842 expulsit
738 801 782 831 de
806 800 971 832 Faventia
1002 800 1178 831 dominum
1209 799 1368 831 comitem
1400 798 1641 836 Romandiole‚
1672 805 1707 830 et
1732 799 1907 830 dominum
1934 799 2128 841 Johannem
2159 799 2202 830 de

388 854 650 897 Albergettini5‚
673 860 708 885 et
730 854 844 895 acepit
868 852 1136 885 dominationem
1160 863 1223 893 pro
1247 862 1294 883 se.

473 906 603 938 Eodem
628 906 806 938 millesimo
831 912 864 937 et
889 916 1016 937 mense.
1061 905 1225 937 Dominus
1256 905 1452 937 Ludovicus
1476 904 1563 936 filius
1596 905 1725 936 domini
1756 905 1934 936 Francisei
1958 905 2001 937 de
2025 904 2202 937 Ordilaffis

387 960 513 992 direxit
535 959 725 990 exercitum
748 970 844 990 suum
868 958 903 990 in
927 958 1103 990 obsidione
1135 959 1230 990 circa
1255 964 1405 990 castrum
1436 957 1638 995 Bertenorii‚
1662 963 1696 989 et
1720 957 1832 989 subito
1863 957 1982 990 habuit
2008 957 2147 1000 burgos,
2170 963 2204 990 et

386 1012 505 1044 domos
528 1012 808 1055 Maynardorum.

471 1066 601 1097 Eodem
626 1065 816 1101 millesimo,
841 1065 897 1096 die
920 1065 999 1096 X111⁰
1022 1065 1158 1106 aprelis.
1206 1064 1370 1095 Dominus
1396 1064 1579 1095 Niccolaus
1603 1065 1646 1096 de
1673 1065 1704 1094 la
1727 1063 1854 1095 Serra³
1880 1064 1922 1095 de
1947 1064 2110 1095 comitatu
2134 1065 2204 1095 Au-

386 1118 491 1160 gubii,
515 1118 659 1150 nuncius
677 1117 807 1149 domini
830 1117 936 1158 Pape,
961 1123 994 1148 et
1017 1117 1214 1158 capitaneus
1237 1127 1359 1158 guerre
1381 1127 1442 1158 pro
1469 1117 1627 1148 Ecclesia
1649 1127 1789 1149 romana
1813 1116 1846 1147 in
1871 1116 2026 1157 partibus
2050 1116 2203 1148 Roman-

388 1171 489 1209 diole,
512 1171 606 1202 venit
629 1170 821 1202 Ferrariam
845 1171 888 1201 ad
912 1171 1161 1211 parlamentum
1185 1181 1262 1202 cum
1286 1170 1423 1201 domino
1446 1169 1648 1201 Marchione
1674 1176 1739 1201 etc.

472 1225 604 1257 Eodem
635 1224 814 1255 millesimo
839 1230 872 1255 et
897 1224 963 1256 die.
1008 1224 1175 1255 Dominus
1197 1224 1372 1266 Johannes
1402 1223 1531 1254 domini
1562 1223 1708 1265 Ricardi
1732 1223 1775 1255 de
1799 1222 1967 1255 Faventia
1997 1223 2091 1254 venit
2119 1223 2203 1255 Fer-

388 1278 522 1315 rariam,
546 1284 581 1308 et
602 1278 764 1309 auxilium
787 1277 984 1318 imploravit
1008 1277 1137 1308 domini
1161 1276 1374 1308 Marchionis
1390 1282 1425 1307 et
1447 1276 1601 1308 similiter
1618 1276 1679 1307 ivit
1703 1276 1876 1307 Veronam
1901 1275 2002 1307 dictis
2026 1276 2070 1307 de
2094 1276 2204 1308 causis

385 1337 505 1372 petens
527 1342 547 1362 a
571 1331 707 1362 domino
731 1330 880 1362 Mastino
905 1330 1067 1361 auxilium
1091 1330 1242 1371 gentium
1268 1336 1387 1361 contra
1411 1329 1616 1361 Ecclesiam.
1632 1331 1640 1344 '

472 1384 605 1416 Eodem
629 1384 819 1424 millesimo,
837 1383 893 1415 die
911 1392 1002 1414 xxm
1020 1383 1156 1424 aprelis.
1202 1383 1366 1413 Dominus
1384 1382 1550 1424 Astorgus
1566 1392 1681 1414 comes
1698 1382 1927 1414 Romandiole
1940 1382 1952 1398 ⁴
1967 1393 2030 1424 pro
2047 1382 2203 1414 Ecclesia

386 1437 478 1468 venit
501 1436 706 1475 Ferrariam,
736 1437 1000 1478 imploravitque
1031 1435 1194 1467 auxilium
1225 1435 1354 1467 domini
1386 1435 1610 1473 Marchionis,
1642 1436 1760 1467 volens
1790 1435 1926 1477 ingredi
1956 1435 1991 1466 in
2021 1435 2202 1467 obsidione

388 1489 533 1521 civitatis
557 1489 732 1521 Faventie.

472 1542 603 1574 Eodem
628 1542 816 1579 millesimo,
839 1541 895 1573 die
920 1551 1027 1572 xxrm
1050 1541 1174 1572 mensis
1197 1541 1332 1583 aprelis.
1363 1541 1530 1572 Dominus
1552 1540 1752 1573 Ludovicus
1775 1552 1834 1572 rex
1851 1541 2005 1584 Ungarie
2023 1551 2099 1572 cum
2122 1546 2202 1572 1111m

386 1596 609 1638 equestribus,
634 1601 668 1627 et
691 1606 717 1627 M
733 1595 876 1627 arceriis
898 1600 1165 1638 segregaverunt
1182 1595 1224 1626 de
1242 1594 1393 1636 partibus
1416 1594 1579 1636 Ungarie,
1597 1601 1632 1626 et
1653 1594 1797 1637 ingressi
1821 1601 1898 1626 sunt
1921 1600 2056 1636 portum
2072 1593 2179 1637 Signe
2192 1594 2203 1610 ⁵

384 1649 418 1680 in
442 1648 637 1686 Sclavonia‚
662 1654 696 1680 et
719 1649 885 1680 intrantes
909 1647 1062 1682 navibus.
1086 1647 1220 1679 iverunt
1249 1647 1530 1679 Manfredoniam
1545 1650 1567 1686 ⁶,
1597 1654 1631 1679 et
1661 1647 1729 1679 alio
1761 1647 1816 1678 die
1841 1647 1970 1690 Trany,
1993 1647 2051 1679 ubi
2073 1648 2202 1689 recepti

389 1707 466 1734 sunt
489 1702 689 1733 honorifice.

471 1753 603 1786 Eodem
626 1754 816 1792 millesimo,
841 1754 896 1786 die
920 1763 1035 1785 XXVIII
1053 1753 1177 1785 mensis
1192 1753 1330 1795 aprelis.
1377 1753 1543 1784 Dominus
1560 1753 1672 1785 Guido
1689 1752 1887 1790 kaffiinalis,
1903 1759 1937 1785 et
1961 1763 2075 1785 comes
2091 1753 2205 1785 Bono-

385 1808 441 1838 nie
465 1807 653 1848 predictus,
677 1808 825 1839 adcessit
850 1807 1041 1839 Ferrariam
1065 1807 1119 1839 cui
1144 1806 1279 1838 obviam
1302 1808 1474 1848 ingressus
1497 1812 1547 1838 est
1570 1807 1726 1838 dominus
1749 1806 1860 1848 Obico
1884 1806 2037 1838 marchio
2062 1806 2205 1838 estensis

386 1867 463 1898 etc„
488 1866 521 1892 et
545 1861 655 1902 ipsum
678 1861 814 1902 recepit
838 1871 914 1892 cum
938 1862 1085 1892 maximo
1108 1861 1239 1892 honore
1264 1866 1328 1891 etc.

473 1914 604 1946 Eodem
628 1913 820 1950 millesimo,
853 1914 910 1945 die
940 1914 1058 1946 ultimo
1088 1914 1212 1945 mensis
1243 1913 1379 1953 aprelis,
1403 1913 1559 1954 prefatus
1581 1912 1781 1944 Kardinalis
1803 1912 1946 1944 recessit
1969 1913 2011 1944 de
2034 1912 2203 1951 Ferraria,

385 1966 513 2008 ivitque
536 1976 654 1998 versus
669 1972 784 2007 partes
806 1966 1030 1999 Venetiarum
1047 1977 1151 2008 super
1167 1966 1304 2009 navigio
1321 1965 1451 1998 domini
1474 1965 1688 1997 Marchionis
1711 1972 1788 2002 etc„
1813 1971 1846 1996 et
1870 1966 1938 1996 suis
1962 1965 2120 2007 expensis
2142 1975 2204 2006 per

385 2018 600 2051 territo'rium
624 2019 752 2050 domini
775 2019 998 2051 Marchionis.

473 2072 605 2103 Eodem
630 2071 819 2110 millesimo,
843 2072 877 2102 in
900 2072 1060 2104 kalendis
1083 2072 1208 2103 mensis
1232 2071 1348 2108 madii,
1372 2071 1511 2113 quidam
1536 2071 1666 2102 accidit
1691 2081 1787 2102 casus
1803 2071 1999 2112 inopinatus
2015 2070 2048 2101 in
2065 2070 2203 2102 civitate

386 2125 533 2162 Verone,
551 2125 643 2166 quod
666 2124 780 2166 plures
797 2125 954 2156 mulieres
969 2125 1149 2156 existentes
1166 2125 1200 2155 in
1223 2125 1369 2166 quadam
1387 2130 1491 2156 strata
1509 2124 1600 2156 dicte
1618 2124 1764 2155 civitatis
1780 2124 1940 2155 ludentes
1957 2124 2106 2165 quodam
2123 2123 2203 2154 ludo

385 2184 421 2209 ut
445 2178 488 2209 de
512 2187 605 2209 more
630 2184 681 2209 est
704 2178 737 2208 in
762 2177 854 2209 dicta
872 2178 1009 2209 civitate
1025 2178 1059 2208 in
1077 2177 1128 2207 his
1145 2177 1286 2213 diebus:
1310 2183 1389 2208 tunc
1406 2177 1543 2219 quidam
1560 2177 1692 2208 iuvenis
1707 2177 1785 2208 tulit
1801 2187 1916 2208 coram
1940 2176 2005 2207 illis
2022 2176 2203 2218 quamdam

385 2231 526 2262 cossiam
550 2230 629 2273 equi
661 2232 785 2262 mortui
808 2231 923 2272 magni
956 2231 1089 2266 fetoris;
1115 2242 1214 2272 quam
1239 2232 1301 2262 iste
1327 2230 1487 2261 mulieres
1512 2230 1731 2271 proiecerunt
1754 2235 1833 2261 ante
1858 2230 2004 2261 hostium
2027 2229 2203 2261 cuiusdam

386 2283 605 2315 conestabilis
636 2285 804 2325 equestris
834 2284 1033 2315 theotonici.
1079 2284 1309 2316 Conestabilis
1340 2283 1461 2315 videns
1492 2283 1568 2321 hec,
1601 2283 1763 2324 cogitavit
1794 2283 1869 2314 fore
1902 2283 2030 2313 factum
2063 2289 2204 2324 propter

386 2337 599 2377 despectum;
631 2342 712 2368 tunc
743 2337 950 2379 interogavit
980 2337 1155 2378 predictas
1185 2337 1344 2367 mulieres
1375 2337 1419 2367 de
1452 2337 1529 2374 hoc,
1560 2346 1625 2377 que
1649 2336 1902 2376 responderunt
1932 2335 2037 2366 fuisse
2065 2335 2202 2377 quidam

384 2390 529 2427 iuvenis,
554 2396 587 2421 et
610 2389 894 2421 anominaverunt
916 2401 991 2421 eum
1018 2390 1192 2431 maliciose
1218 2395 1250 2421 et
1274 2389 1446 2426 studiose;
1463 2389 1520 2431 qui
1544 2388 1763 2420 conestabilis
1786 2398 1863 2419 cum
1887 2388 2086 2430 quibusdam
2109 2388 2204 2420 sotiis

473 2513 496 2537 3.
516 2505 669 2537 ingressus]
695 2513 820 2536 egressus
846 2505 922 2530 MUR.
944 2518 951 2522 -
978 2505 1082 2536 ipsum]
1103 2513 1163 2529 eum
1184 2504 1294 2529 BMUR.
1316 2519 1347 2521 —
1368 2504 1391 2528 8.
1411 2505 1564 2528 millesimo
1585 2506 1611 2528 et
1631 2513 1678 2528 om.
1698 2504 1776 2528 Mun.
1798 2517 1828 2521 —
1852 2511 1890 2527 11.
1910 2503 2015 2527 Eodem
2028 2520 2087 2528 ....
2111 2511 2202 2527 mense

385 2555 433 2571 om.
459 2547 536 2571 Mun.
562 2561 593 2564 —
623 2554 661 2578 14.
686 2548 752 2577 dopo
771 2546 841 2571 x111⁰
860 2556 941 2578 segne
967 2548 992 2570 in
1012 2548 1035 2570 Α
1063 2547 1198 2571 februarii
1225 2550 1331 2577 espunlo
1350 2560 1359 2564 -
1380 2547 1489 2579 aprilis,
1509 2547 1554 2578 qui
1572 2556 1584 2569 ε
1600 2547 1650 2576 pit}
1669 2550 1734 2570 sotto
1757 2554 1826 2570 corr.
1852 2546 1929 2570 MUR.
1956 2559 1986 2563 —
2017 2552 2056 2576 17.
2081 2545 2199 2569 millesi-

385 2596 429 2612 mo
449 2591 475 2612 et
495 2597 541 2612 om.
562 2589 639 2613 Mun.
661 2602 690 2606 -—
714 2595 753 2612 20.
775 2590 875 2620 aprilis
894 2597 965 2614 corr.
983 2589 1060 2614 MUR.
1081 2603 1112 2606 —
1134 2596 1174 2613 22.
1195 2589 1324 2613 civitatis
1349 2597 1397 2612 om.
1424 2589 1538 2614 BML-n.
1558 2602 1566 2606 -
1586 2589 1723 2612 Faventie
1749 2596 1817 2620 agg.
1837 2588 1863 2611 in
1881 2588 1914 2616 A,
1939 2588 2010 2612 forse
2029 2589 2103 2612 della
2120 2591 2203 2611 stesso

385 2639 466 2659 mano,
487 2632 516 2654 al
533 2631 563 2654 di
580 2634 659 2661 sopra
679 2631 708 2654 di
726 2631 828 2655 Ymole
848 2633 958 2656 cancell.
977 2639 1022 2654 con
1042 2640 1074 2654 un
1094 2631 1156 2662 rigo
1176 2645 1207 2647 —
1229 2637 1268 2661 27.
1289 2632 1393 2654 mensis
1413 2639 1460 2654 om.
1480 2631 1558 2654 Mun.
1579 2644 1609 2647 -
1632 2629 1671 2653 28,
1693 2629 1847 2662 ingressus]
1874 2637 2000 2661 egressus
2019 2630 2095 2653 MUR.
2121 2642 2152 2646 —-
2173 2628 2216 2660 36.

387 2673 491 2696 ostium
511 2673 587 2696 MUR.
608 2685 616 2689 -
631 2673 723 2702 prima
744 2673 774 2696 di
791 2673 917 2696 hostium
937 2674 963 2696 in
983 2674 1007 2696 A
1027 2673 1040 2696 ὲ
1059 2680 1151 2697 coram
1171 2674 1281 2697 cancell.
1300 2680 1346 2696 con
1367 2681 1399 2696 un
1418 2673 1481 2704 rigo
1499 2685 1532 2689 ——
1552 2671 1641 2704 38-39.
1660 2672 1805 2703 quemdam
1826 2671 1954 2695 iuvenem
1974 2680 2042 2695 corr.
2056 2672 2132 2695 MUR.

473 2757 479 2773 ‘
501 2760 597 2784 Guido
623 2760 655 2783 de
680 2760 828 2792 Boulogne
854 2760 1007 2790 cardinale,
1034 2760 1108 2784 della
1134 2768 1197 2784 casa
1223 2761 1266 2783 dei
1322 2760 1337 2784 ὰ
1357 2761 1488 2784 l'lu'stoire
1507 2761 1541 2783 dn
1557 2763 1750 2791 εςνουενηεηιεηί
1769 2761 1899 2789 tempor-el
1915 2760 1960 2782 des
1980 2759 2047 2783 eta'ts
2066 2760 2100 2782 du
2113 2759 2204 2783 Saint-

385 2800 470 2825 Conti
492 2802 519 2824 di
540 2801 679 2825 Alvernia
699 2810 712 2825 e
733 2802 761 2825 di
781 2802 934 2833 Boulogne.
974 2802 1018 2826 Cf.
1039 2802 1162 2832 ΒΑιυΖε,
1194 2802 1268 2826 Vitae
1323 2803 1404 2834 Sr'ege
1425 2803 1523 2826 extruit
1542 2803 1587 2826 des
1607 2802 1729 2825 archives
1747 2802 1781 2825 du
1804 2802 1919 2825 I'ali‘cau.
1957 2801 2054 2828 Roma,
2076 2799 2151 2830 1862,
2169 2800 2203 2829 11,

380 2846 515 2873 paparum
534 2844 750 2867 Aviuionensimn
770 2845 830 2871 eta,
850 2844 956 2875 Parigi‚
977 2843 1053 2875 1697.
1323 2844 1382 2868 doc.
1406 2844 1463 2875 196,
1483 2852 1510 2876 p.
1533 2850 1589 2875 190.

471 2884 482 2900 ²
505 2885 617 2910 Guarda
638 2887 665 2910 di
686 2886 728 2909 Ro
751 2887 901 2914 Ferrarese,
921 2895 936 2910 a
956 2892 986 2918 25
1007 2887 1056 2910 kil.
1083 2887 1116 2910 da
1143 2887 1268 2910 Feri-ara.
1409 2885 1421 2900 ⁴
1442 2886 1475 2911 V.
1495 2888 1571 2909 retro
1590 2892 1605 2908 a
1625 2893 1651 2916 p.
1676 2884 1721 2908 161
1745 2886 1821 2908 nota.

470 2925 481 2942 ³
499 2927 540 2951 Fu
560 2929 711 2952 costituito
730 2929 859 2960 generale
879 2928 1053 2952 dell'armata
1074 2929 1102 2952 di
1122 2929 1268 2959 Romagna
1409 2926 1418 2942 ⁵
1437 2927 1528 2959 Segna
1548 2935 1564 2950 0
1584 2928 1662 2958 Zeng
1682 2926 1756 2950 nella
1778 2926 1907 2950 Croazia.

386 2969 406 2992 il
428 2975 457 3000 17
479 2976 570 2993 marzo
591 2977 666 3001 1350.
704 2970 738 2993 A.
758 2970 903 2999 Tnamnn,
926 2971 1010 2994 Codex
1029 2971 1134 3000 diplom.
1149 2970 1270 2993 Dominii
1410 2967 1420 2983 ⁶
1440 2969 1641 2992 Mansredonia
1662 2968 1705 2992 nel
1726 2968 1924 2999 promontorio
1945 2967 2115 2999 Garganico,
2133 2975 2149 2990 a
2171 2966 2204 2998 69

385 3013 543 3041 temporales
566 3012 592 3035 S.
613 3013 698 3035 Sedis.
737 3013 849 3036 Recueil
867 3013 898 3035 de
918 3013 1065 3036 documenls
1082 3016 1152 3041 pour
1178 3012 1268 3035 servir
1322 3011 1371 3034 kil.
1392 3011 1466 3034 circa
1487 3012 1521 3034 da
1540 3011 1637 3041 Trani,
1659 3010 1731 3034 nelle
1750 3010 1858 3042 Puglie.

2229 853 2266 884 10

2230 1116 2266 1148 15

2226 1383 2267 1414 20

2227 1647 2268 1679 25

2228 1913 2269 1944 30

2226 2176 2266 2207 35

2233 2848 2262 2874 15
