2360 3603
189 1723 263 1745 Mun„
278 1727 317 1746 Δ479

203 1991 223 2005 c.
238 1990 275 2009 154
284 1990 296 2003 r

326 2738 356 2754 10

326 2946 354 2970 15

1003 252 1314 290 CHRONICON
1342 254 1437 289 EST
1443 253 1510 288 EN
1513 253 1572 288 SE

374 396 517 417 comune
541 386 726 418 destinavit
750 386 792 423 ei,
816 393 853 418 ut
877 386 1008 427 petivit,
1033 395 1118 427 quos
1136 395 1213 417 cum
1231 385 1326 422 vidit,
1345 385 1431 418 dixit
1447 385 1513 416 eis:
1532 395 1599 426 ego
1615 385 1751 416 remotis
1767 385 1914 417 omnibus
1929 386 2002 417 volo
2018 387 2198 418 dominium

373 440 520 470 civitatis
543 439 674 480 Papte;
701 439 757 480 qui
782 439 1033 479 responderunt
1058 437 1203 469 libenter
1226 438 1355 478 facere,
1379 444 1412 469 et
1443 444 1677 469 reccesserunt
1708 438 1751 469 de
1782 437 1982 470 Mediolano
2006 445 2041 470 et
2068 439 2199 470 reversi

375 498 452 522 sunt
476 492 629 533 Papiam,
649 497 682 522 et
699 490 807 522 verba
825 491 953 523 domini
972 490 1235 532 Archiepiscopi
1252 490 1440 522 retulerunt
1455 490 1611 522 Consilio
1630 489 1746 532 Papie.
1793 491 1893 522 Tunc
1910 491 2006 522 cives
2021 492 2201 524 audientes

374 545 453 582 hoc,
476 545 682 585 inceperunt
706 544 854 575 clamare
879 550 912 575 et
937 544 1074 575 dicere:
1099 544 1274 574 filoriatur
1295 543 1578 585 archiepiscopus.
1627 543 1780 574 Potestas
1803 542 1912 584 Papie
1929 543 1950 581 ¹,
1975 544 2031 586 qui
2054 544 2101 576 ibi
2125 551 2199 577 erat

373 608 436 638 pro
462 598 601 628 domino
626 597 912 637 Archiepiscopo,
936 602 1067 628 armata
1092 607 1193 627 manu
1211 596 1362 627 cucurrit
1377 596 1422 627 ad
1438 596 1600 637 plateam,
1617 596 1752 628 dicens:
1778 596 1875 628 Vivat
1890 597 2042 628 dominus
2058 597 2198 629 Archie-

370 650 541 692 piso-opus.
588 650 688 681 Tunc
714 650 807 681 cives
831 650 1034 681 occiderunt
1057 650 1239 691 quemdam
1261 648 1370 689 ipsius
1394 649 1545 686 militem,
1570 656 1604 680 et
1628 654 1780 690 potestas
1803 650 1919 691 fugam
1945 651 2088 691 arripuit
2104 656 2200 682 extra

375 702 559 734 civitatem.

461 756 593 787 Eodem
626 755 818 792 millesimo,
851 755 905 786 die
938 765 1013 785 xxx
1042 754 1198 786 ianuarii.
1246 755 1298 786 De
1330 754 1531 796 volunptate
1564 754 1692 786 domini
1716 755 1924 787 marchionis
1946 754 2202 787 Aldrovandini

374 809 516 840 estensis
542 814 605 840 etc.
632 809 825 840 restitutum
850 808 917 839 fuit
943 814 1090 839 castrum
1114 807 1314 849 Viguicoli²
1340 808 1487 839 dominis
1511 807 1641 845 Padue,
1669 808 1727 849 qui
1760 808 1890 840 domini
1921 808 2050 847 Padue,
2083 819 2200 840 eorum

374 861 513 892 nomine
538 867 572 892 et
595 862 745 892 omnium
771 861 908 898 civium,
931 861 1225 892 renunciaverunt
1250 860 1406 892 omnibus
1428 860 1630 897 rationibus,
1654 870 1739 903 quas
1762 860 1932 892 haberent
1962 870 2065 903 super
2096 862 2201 893 comi-

373 920 445 947 tatu
469 915 624 957 Rodigii,
649 920 683 946 et
707 920 953 946 concesserunt
976 914 1089 945 omnia
1112 913 1240 945 ibidem
1266 913 1445 944 existentia
1470 913 1608 945 domino
1632 913 1896 945 Aldrovandino
1919 914 2108 946 marchioni
2125 921 2203 954 etc.‚

374 968 569 1000 videliceta
593 967 681 1005 loco,
706 968 765 1009 qui
791 968 916 998 dicitur
939 967 1081 998 Passuia
1104 977 1211 1008 usque
1241 967 1286 998 ad
1318 966 1475 997 Buellum
1507 966 1608 1008 Lupi,
1639 966 1740 998 etiam
1772 967 1890 998 turrim
1921 967 2067 1009 positam
2098 978 2200 1009 super

377 1021 527 1063 Pincone
551 1020 695 1057 Abacie‚
719 1030 739 1050 a
763 1020 869 1051 latere
893 1020 1021 1059 Padue,
1047 1030 1146 1060 quam
1172 1019 1356 1060 antiquitus
1381 1019 1530 1050 construi
1563 1020 1722 1051 fecerunt
1751 1019 1918 1057 Paduani,
1950 1026 1984 1051 et
2014 1020 2102 1052 ultra
2132 1020 2199 1051 hoc

373 1074 594 1105 firmaverunt
617 1084 751 1115 pacem,
777 1079 811 1104 et
833 1073 938 1115 ligam
961 1073 1049 1104 inter
1073 1073 1176 1114 ipsos,
1201 1072 1293 1114 quod
1317 1072 1346 1102 si
1371 1078 1515 1113 propter
1545 1082 1698 1114 gueram,
1729 1072 1784 1104 vel
1815 1072 1955 1104 alterius
1985 1073 2202 1104 necessitatis

377 1137 473 1158 casus
497 1127 649 1158 acideret
671 1137 758 1157 unus
783 1126 850 1157 alio
874 1132 908 1157 et
930 1125 1017 1158 alter
1041 1125 1140 1156 alteri
1164 1125 1325 1156 auxilium
1350 1124 1573 1165 impenderet.
1620 1125 1720 1156 Tunc
1753 1125 1883 1157 domini
1913 1125 2033 1157 Padue
2064 1125 2199 1167 bapniri

375 1181 535 1212 fecerunt
558 1180 593 1210 in
617 1179 745 1216 Padua,
771 1179 866 1221 quod
889 1179 917 1209 si
941 1179 976 1209 in
1002 1178 1095 1209 dicta
1119 1177 1259 1209 civitate
1283 1178 1339 1209 vel
1365 1177 1523 1209 districtu
1540 1178 1701 1209 existeret
1718 1178 1842 1220 aliquis
1859 1178 2018 1220 bapnitus
2033 1179 2202 1216 Ferrarie,

373 1244 432 1265 seu
454 1233 615 1264 inimicus
639 1233 723 1264 dicti
745 1232 972 1269 Marchionis,
997 1231 1201 1262 festinanter
1226 1231 1407 1262 recederet
1431 1230 1493 1262 sub
1517 1241 1607 1272 pena
1630 1231 1709 1269 vite,
1734 1237 1768 1262 et
1790 1231 1884 1263 idem
1907 1232 1943 1262 in
1961 1231 2102 1264 Feraria
2117 1231 2202 1263 fecit

375 1286 510 1328 bapniri
534 1287 689 1326 prefatus
713 1285 874 1316 Marchio
899 1291 963 1316 etc.

462 1339 593 1370 Eodem
619 1338 812 1374 millesimo.
838 1337 891 1369 die
910 1337 1084 1369 dominico
1101 1337 1177 1368 xvr⁰
1190 1337 1200 1355 ³
1217 1337 1340 1368 mensis
1357 1337 1478 1369 martii.
1517 1337 1684 1369 Dominus
1701 1337 1805 1369 Canis
1822 1336 1972 1369 Grandis
1990 1338 2032 1370 de
2049 1338 2083 1369 la
2099 1336 2202 1370 Scala

372 1393 544 1436 ingressus
568 1398 618 1422 est
642 1391 686 1422 ad
710 1392 959 1433 parlamentum
984 1401 1060 1422 cum
1086 1391 1224 1422 domino
1248 1391 1449 1422 marchione
1475 1391 1517 1421 de
1542 1389 1781 1433 Brandiburgo
1805 1391 1879 1422 eius
1903 1397 2052 1433 cognato
2064 1391 2086 1428 ⁴,
2104 1390 2204 1423 dimi-

375 1446 492 1487 xitque
518 1445 562 1476 ad
586 1444 779 1476 custodiam
803 1444 951 1475 civitatis
976 1444 1115 1475 Verone
1133 1444 1307 1474 dominum
1324 1442 1499 1486 Acconem
1524 1444 1568 1474 de
1591 1443 1766 1486 Corigia⁵.
1812 1444 1913 1475 Tunc
1939 1444 2096 1476 dominus
2119 1444 2202 1476 Fre-

375 1508 508 1542 gnanus
532 1499 575 1530 de
601 1499 632 1529 la
655 1497 767 1538 Scala,
792 1498 900 1529 frater
923 1496 1089 1528 naturalis
1112 1496 1197 1528 dicti
1221 1495 1351 1527 domini
1375 1496 1490 1536 Canis,
1514 1495 1754 1528 fraudulenter
1776 1503 1810 1528 et
1834 1502 1999 1538 apensate
2021 1508 2090 1528 una
2120 1508 2199 1529 cum

375 1551 515 1583 domino
540 1556 711 1592 potestate
736 1551 875 1582 Verone
900 1551 1059 1581 fecerunt
1084 1549 1231 1581 detineri
1255 1549 1448 1591 predictum
1473 1549 1648 1580 dominum
1671 1550 1849 1592 Aceonem
1873 1556 1908 1582 et
1935 1551 2020 1582 duos
2051 1550 2204 1582 notarios

376 1605 458 1637 dicti
484 1604 615 1636 domini
639 1604 756 1641 Canis,
780 1614 926 1646 quorum
948 1613 1035 1634 unus
1059 1609 1133 1634 erat
1156 1612 1259 1644 super
1281 1602 1517 1644 stipendiariis
1541 1603 1624 1634 dicti
1648 1602 1791 1641 domini,
1816 1603 1953 1635 nomine
1983 1604 2203 1642 Celestrinus,

374 1659 462 1689 alter
485 1658 672 1694 Tebaldus,
697 1658 755 1699 qui
778 1657 930 1688 habebat
954 1657 1068 1688 omnia
1090 1657 1188 1698 signa
1210 1662 1385 1697 portarum
1410 1655 1562 1687 civitatis
1587 1661 1620 1686 et
1644 1662 1832 1688 castrorum
1861 1657 2034 1688 districtus
2050 1657 2201 1688 Verone.

381 1710 517 1748 Quibus
540 1710 696 1742 dominus
721 1711 921 1752 Fregnanus
945 1709 1045 1741 dixit:
1072 1719 1139 1751 ego
1162 1709 1244 1746 volo,
1268 1709 1357 1751 quod
1378 1709 1498 1749 omnia,
1522 1719 1584 1750 que
1600 1719 1711 1740 coram
1727 1709 1816 1740 vobis
1839 1709 1967 1751 loquar,
1991 1710 2204 1753 confirmetis

373 1765 474 1796 aliter
497 1764 623 1795 mortui
642 1764 728 1795 estis.
775 1762 845 1800 Qui
868 1763 1121 1804 responderunt
1137 1761 1199 1794 sibi
1217 1762 1369 1794 obedire.
1416 1762 1516 1793 Tune
1535 1762 1692 1794 dominus
1708 1763 1910 1805 Fregnanus
1925 1763 2090 1794 conduxit
2105 1763 2204 1795 Cele-

374 1818 516 1850 strinum
540 1818 585 1848 ad
608 1817 767 1858 plateam,
792 1816 958 1858 mixitque
974 1827 1037 1857 per
1053 1827 1170 1848 omnes
1187 1815 1431 1857 stipendiarios
1447 1815 1577 1847 domini
1594 1815 1710 1853 Canis,
1727 1816 1862 1848 scilicet
1878 1827 1939 1858 per
1954 1816 2202 1848 Conestabiles.

376 1871 470 1902 Dixit
494 1871 560 1902 eis:
585 1881 643 1901 nos
665 1874 757 1901 certe
779 1870 944 1907 habemus,
969 1870 1059 1911 quod
1081 1869 1229 1900 dominus
1255 1868 1356 1900 Canis
1379 1872 1533 1911 pergens
1557 1869 1592 1899 in
1615 1868 1861 1910 Alemanm'am,
1885 1874 1922 1900 ut
1935 1871 2037 1911 scitis,
2055 1874 2205 1901 mortuus

377 1929 425 1956 est
446 1936 467 1955 a
491 1924 687 1966 quibusdam
709 1924 777 1954 suis
799 1923 952 1954 inimicis.
999 1923 1100 1954 Tunc
1124 1921 1336 1954 Celestrinus
1360 1922 1572 1963 presentavit
1598 1922 1630 1953 ei
1661 1923 1842 1964 quamdam
1875 1923 2041 1960 licteram,
2073 1923 2204 1960 dicens,

379 1978 473 2020 quod
496 1976 622 2008 verum'
647 1983 730 2008 erat.
778 1976 897 2007 Etiam
921 1987 1005 2007 nova
1028 1976 1184 2007 habemus
1209 1976 1249 2006 de
1269 1976 1428 2018 partibus
1452 1975 1642 2007 Mediolani
1662 1976 1751 2017 quod
1773 1975 1924 2007 dominus
1947 1976 2119 2008 Barnabas
2153 1976 2206 2008 Vi-

377 2041 518 2062 cecomes
540 2040 610 2061 cum
634 2029 843 2060 multitudine
865 2029 1067 2070 equestrium
1098 2033 1129 2059 et
1151 2028 1359 2071 pedestrium
1383 2028 1511 2060 accedit
1540 2028 1713 2065 Veronam,
1735 2029 1841 2060 sciens
1871 2029 1913 2060 de
1943 2033 2049 2060 morte
2080 2029 2209 2060 domim·

378 2084 488 2120 Canis,
511 2084 622 2114 volens
646 2083 825 2114 dominium
849 2083 993 2114 civitatis
1000 2094 1010 2123 ;
1034 2093 1140 2125 quare
1162 2093 1253 2124 rogo
1284 2093 1352 2119 vos,
1383 2083 1472 2124 quod
1502 2086 1601 2113 extra
1631 2082 1798 2113 civitatem
1820 2083 2031 2125 festinanter
2061 2083 2208 2124 ingredi

378 2138 521 2168 debeatis
544 2141 661 2168 contra
684 2147 745 2167 eos.
793 2137 863 2173 Qui
887 2136 1156 2177 responderunt:
1181 2145 1244 2166 non
1266 2135 1421 2166 habemus
1444 2137 1630 2178 pecuniam.
1676 2135 1840 2166 Dominus
1864 2134 2065 2178 Fregnanus
2095 2135 2200 2168 dixit:

378 2194 524 2233 propter
546 2190 606 2221 hoc
627 2201 692 2220 non
714 2189 915 2226 remanebit;
941 2195 976 2220 et
998 2189 1168 2221 satisfecit
1192 2188 1252 2219 eis.

467 2314 491 2337 4.
506 2307 598 2336 prima
617 2307 646 2329 di
664 2307 789 2337 potestas
810 2306 836 2329 in
855 2306 879 2329 Α
900 2313 950 2337 pos
970 2307 1078 2329 cancell.
1098 2313 1142 2330 con
1162 2314 1195 2329 un
1214 2306 1277 2337 rigo
1298 2319 1330 2323 -
1350 2310 1374 2335 5.
1394 2306 1532 2329 dicentem
1550 2305 1575 2328 A
1599 2318 1631 2323 —
1651 2313 1675 2336 9.
1701 2307 1829 2329 restitum
1848 2306 1874 2329 A
1891 2317 1904 2323 -
1922 2306 1949 2329 in
1969 2305 2093 2337 margine
2117 2306 2147 2329 di
2170 2306 2204 2335 A,

380 2350 496 2372 dimano
514 2349 624 2377 seriore,
637 2349 663 2371 in
682 2349 822 2372 incln'ostro
843 2349 947 2372 vanito:
968 2348 1030 2372 Iura
1051 2348 1160 2371 domini
1182 2349 1210 2371 in
1231 2348 1404 2371 territorio..
1418 2366 1422 2371 .
1435 2366 1440 2371 .
1461 2361 1494 2364 —
1511 2354 1549 2371 12.
1563 2348 1589 2371 in
1603 2349 1727 2380 margine
1746 2349 1776 2372 di
1788 2348 1822 2378 A,
1835 2348 1865 2372 di
1877 2349 1970 2377 prima
1983 2356 2066 2375 mano,
2086 2348 2202 2372 Passuia

380 2400 395 2415 (ι
421 2391 556 2415 sostitm're
582 2391 728 2414 Budellum
748 2392 857 2414 cancell.
877 2399 923 2414 con
942 2399 975 2414 un
995 2391 1057 2421 rigo
1077 2403 1085 2407 -
1104 2394 1185 2420 sopra
1204 2396 1289 2421 usque
1308 2398 1359 2413 una
1375 2391 1475 2419 parola
1495 2391 1603 2414 cancell.
1622 2399 1635 2413 e
1649 2394 1715 2420 poco
1735 2390 1895 2421 decisrabile
1914 2391 1959 2414 che
1978 2390 2091 2414 termina
2110 2390 2136 2413 in
2155 2391 2203 2422 upi

381 2447 413 2450 —
437 2440 475 2465 13.
500 2431 637 2465 construi]
664 2433 801 2456 constitui
827 2433 905 2457 Mun.
931 2446 962 2448 —
992 2438 1030 2463 15.
1056 2431 1147 2463 casus]
1168 2440 1250 2456 causa
1270 2432 1348 2456 Mun.
1369 2445 1377 2449 -
1398 2431 1468 2462 alio]
1486 2432 1569 2456 alteri
1589 2431 1668 2456 Mun.
1687 2445 1698 2450 -
1717 2432 1808 2456 altero
1828 2432 1852 2456 A
1873 2444 1905 2448 —
1926 2438 1966 2455 21.
1986 2432 2013 2455 in
2033 2432 2158 2464 margine
2177 2432 2207 2455 ai

381 2483 455 2498 mano
474 2476 519 2498 del
536 2478 620 2504 tempo
639 2474 665 2497 in
685 2475 723 2497 A:
744 2473 834 2498 Meser
854 2474 979 2506 Frignan
1001 2487 1032 2491 —
1053 2479 1094 2505 35.
1114 2475 1180 2504 dopo
1199 2474 1252 2497 hoc
1272 2480 1330 2497 non
1351 2482 1431 2505 segue
1449 2474 1476 2497 in
1496 2474 1521 2497 Α
1541 2474 1628 2497 ramei
1646 2475 1756 2498 cancell.
1775 2482 1820 2498 con
1840 2481 1873 2497 un
1892 2474 1955 2505 rigo

471 2561 476 2576 ¹
499 2563 642 2593 Ramengo
663 2562 770 2587 Casati.
808 2562 853 2586 Cf.
873 2561 1032 2591 Rossomm,
1048 2563 1154 2586 Notizie
1169 2565 1271 2592 appar-

383 2605 483 2628 tenenti
501 2606 557 2628 alla
578 2605 670 2629 storia
689 2606 762 2628 della
781 2613 828 2628 sua
843 2604 949 2635 patria,
971 2605 1103 2636 catalogo
1123 2605 1168 2628 dei
1185 2605 1271 2628 Pude-

383 2647 423 2670 ςιὶι
445 2655 504 2675 cca,
524 2646 620 2676 Pax-ia,
644 2645 719 2676 1828,
739 2646 786 2670 111.

471 2687 481 2702 ‘³
501 2688 679 2720 VighizzolO,
699 2696 715 2712 a
735 2688 768 2721 36
791 2689 841 2712 kil.
868 2689 941 2712 circa
969 2688 1003 2712 da
1028 2689 1152 2719 Padova,
1181 2695 1271 2718 venne

383 2731 484 2754 ceduto
504 2738 552 2762 per
573 2731 593 2754 il
614 2733 734 2755 trattato
755 2732 782 2755 di
805 2731 927 2754 Venezia
946 2731 991 2754 del
1016 2738 1045 2754 ιο
1063 2731 1188 2762 gennaio
1205 2736 1271 2761 1354

383 2773 411 2796 ai
431 2772 574 2796 Carraresi
595 2774 644 2796 che
665 2774 694 2796 in
715 2773 824 2797 cambio
844 2774 1049 2797 rinunziarono
1069 2773 1103 2796 ad
1124 2774 1191 2805 ogni
1207 2773 1270 2796 loro

384 2817 493 2846 pretesa
513 2815 555 2838 sul
582 2815 715 2838 Polesine
741 2815 768 2838 di
795 2815 909 2847 Rovigo
934 2815 993 2846 agli
1020 2815 1143 2838 Estensi.
1180 2815 1270 2844 Mun„

384 2857 446 2880 Ant.
468 2857 583 2885 Estensi,
602 2857 635 2887 II,
659 2863 717 2888 119.

471 2897 481 2913 ³
501 2899 524 2921 ll
547 2897 577 2922 16
596 2906 688 2922 marzo
711 2903 777 2930 1354
796 2898 883 2922 cadde
896 2899 996 2922 insatti
1012 2899 1042 2921 in
1056 2899 1211 2925 domenica,
1227 2904 1270 2921 ma

384 2947 462 2963 come
481 2939 595 2964 ossei-vo
616 2940 636 2963 il
657 2940 739 2963 Verei
753 2941 857 2972 (Storia
877 2941 949 2964 della
969 2941 1068 2964 Alarca
1093 2940 1170 2963 Triv.
1192 2948 1205 2962 e
1226 2940 1270 2963 Γε-

384 2991 450 3012 rom,
469 2982 592 3005 Venezia
614 2982 690 3014 1789,
711 2982 743 3005 T.
758 2982 830 3011 XIII,
851 2990 876 3013 p.
894 2982 961 3015 172),
977 2982 1050 3006 sulla
1065 2981 1127 3005 fede
1141 2982 1167 3005 di
1183 2981 1271 3005 molte

384 3024 456 3047 altre
478 3025 551 3047 fonti
573 3025 599 3047 la
613 3024 766 3047 ribellione
786 3024 812 3047 di
834 3023 979 3055 Frignano
993 3030 1121 3047 avvenne
1135 3024 1156 3047 il
1174 3022 1204 3047 16
1218 3023 1272 3046 seb-

1324 2562 1405 2586 braio
1429 2569 1494 2594 ¹354
1520 2562 1569 2586 che
1594 2569 1662 2594 pure
1687 2562 1775 2586 cadde
1801 2562 1831 2585 in
1858 2563 2014 2586 domenica.
2051 2561 2094 2586 Lo
2119 2564 2208 2586 stesso

1327 2605 1420 2628 Chron.
1442 2605 1500 2628 Est.
1521 2603 1570 2635 piu
1592 2603 1691 2627 avanti
1709 2603 1823 2627 afferma
1848 2603 1898 2627 che
1917 2603 1944 2627 la
1971 2611 2065 2628 nuova
2090 2603 2135 2627 del
2154 2605 2210 2627 tra-

1324 2647 1451 2670 dimento
1472 2646 1501 2669 fu
1522 2647 1647 2677 risaputa
1666 2645 1700 2669 da
1715 2644 1884 2677 Cangrande
1898 2646 1919 2669 il
1933 2647 2036 2678 giorno
2055 2646 2069 2659 ⁰¹
2080 2646 2125 2669 die
2138 2653 2210 2669 mar-

1325 2687 1387 2711 “tis
1407 2689 1500 2711 carnis
1521 2688 1609 2720 privii
1620 2705 1644 2718 „,
1666 2685 1727 2711 cioe
1747 2688 1768 2710 il
1789 2693 1819 2717 25
1842 2687 1979 2712 febbraio.

1411 2728 1420 2744 ⁴
1441 2729 1609 2761 Cangrande
1621 2729 1648 2753 11
1667 2729 1741 2753 della
1754 2729 1835 2753 Scala
1848 2736 1936 2753 aveva
1950 2731 2066 2760 sposato
2081 2729 2126 2753 nel
2143 2735 2210 2761 1350

1323 2772 1490 2800 EMsabetta,
1508 2772 1587 2803 figlia
1607 2773 1633 2795 di
1661 2771 1810 2795 Ludovico
1835 2772 1857 2794 il
1884 2771 1992 2795 Bavaro
2011 2778 2026 2795 e
2051 2771 2155 2795 sorella
2181 2772 2208 2795 di

1324 2814 1407 2845 Luigi
1429 2815 1449 2837 il
1472 2814 1597 2842 vecchio,
1617 2813 1759 2837 marchese
1778 2813 1809 2836 di
1828 2814 2038 2845 Brandeburgo.

1411 2856 1422 2872 ⁵
1441 2855 1493 2879 Per
1512 2855 1626 2879 Azzone
1645 2855 1680 2878 da
1699 2853 1858 2887 Correggio
1878 2855 1927 2878 che
1948 2855 1978 2878 su
1998 2856 2088 2878 amico
2102 2855 2146 2878 del
2160 2854 2210 2878 Pe-

1324 2898 1414 2920 trarca
1434 2905 1460 2921 v.
1480 2895 1514 2924 Q.
1534 2897 1609 2926 BIGI,
1630 2897 1672 2920 Di
1689 2897 1759 2920 Azw
1778 2897 1813 2920 da
1835 2897 1987 2928 Correggio
2007 2905 2058 2920 ecc.
2076 2896 2106 2920 in
2128 2896 2213 2919 Atti

1324 2946 1337 2962 e
1356 2938 1454 2962 Mem.
1475 2938 1569 2962 delle
1590 2939 1768 2970 Deputaz.
1795 2938 1831 2961 di
1859 2938 1986 2962 Storia
2011 2937 2111 2962 Patr.
2137 2937 2211 2961 Mo-

1324 2981 1404 3004 den.
1425 2988 1438 3003 e
1459 2981 1581 3008 Parin„
1602 2979 1649 3008 III,
1670 2985 1718 3010 207
1740 2987 1753 3003 e
1773 2987 1841 3012 sgg.‚
1861 2979 1984 3004 Modena
2007 2978 2081 3010 1865.

2229 863 2266 893 10

2228 1125 2265 1157 15

2227 1392 2268 1422 20

2226 1657 2266 1687 25

2228 1923 2270 1954 30

1299 2188 1432 2221 Deinde
1456 2188 1593 2221 vocavit
1625 2188 1820 2220 Tebaldum
1851 2189 1895 2220 de
1925 2187 2121 2226 Alcamino,
2152 2189 2203 2222 di·
2227 2189 2267 2221 35

2236 2652 2270 2670 20

2237 2857 2268 2882 25
