2360 3603
187 1159 260 1180 Mun„
276 1164 314 1182 117³

214 2180 234 2195 c,
250 2180 287 2197 ¹4³
296 2180 308 2192 r

390 276 458 311 186
1013 270 1328 306 CHRONICON
1357 269 1584 304 ESTENSE
1910 274 1993 308 [AA.
2014 275 2202 308 1352-13531

381 406 556 437 absidione
581 406 674 436 circa
692 409 840 435 castrum
864 403 975 443 Barge
991 402 999 417 ¹
1025 401 1059 432 in
1076 401 1306 442 Carfagnana.
1352 399 1452 430 Tunc
1477 398 1668 429 Florentini
1692 397 1894 428 direxerunt
1916 398 2045 430 ibidem
2071 398 2203 429 exerci-

381 467 448 489 tum
473 458 665 494 maximum,
691 466 832 498 quorum
850 455 1052 496 capitaneus
1069 454 1133 484 fuit
1149 453 1307 485 dominus
1324 452 1530 483 Franciscus
1546 452 1590 482 de
1607 450 1862 482 Brunelleschis
1877 451 1922 482 de
1938 451 2126 488 Florentia,
2143 451 2201 492 qui

382 522 415 542 se
440 512 644 542 invenerunt
668 510 702 540 in
727 518 848 549 campo
874 519 948 539 cum
979 506 1136 543 inimicis,
1161 513 1196 537 et
1218 506 1343 536 bellum
1368 504 1550 535 maximum
1577 504 1820 535 commiserunt
1843 503 1887 534 ad
1911 504 2068 541 invicem,
2091 510 2205 535 tamen

382 563 573 595 Florentini
598 562 821 594 obtinuerunt
846 571 1014 601 campum,
1038 566 1070 591 et
1093 559 1216 590 mortui
1240 559 1380 589 fuerunt
1403 557 1497 589 multi
1521 568 1562 588 ex
1587 564 1683 598 parte
1708 557 1862 598 gentium
1886 555 2161 597 Archiepiscopi.

468 615 600 647 Eodem
631 614 812 645 millesimo
836 620 870 644 et
902 623 1027 643 mense.
1075 612 1204 643 Gentes
1229 610 1357 642 domini
1388 610 1641 651 archiepiscopi
1673 609 1863 640 Mediolani
1897 610 2082 640 existentes
2113 609 2206 640 circa

380 670 554 701 civitatem
580 668 699 705 Aretii,
724 667 828 698 nichil
860 666 1085 707 profitientes,
1110 670 1326 696 recesserunt
1358 663 1449 700 inde,
1474 669 1507 694 et
1537 662 1682 704 ingressi
1707 667 1784 693 sunt
1809 661 1983 694 civitatem
2007 661 2147 693 Castelli
2171 662 2207 692 in

383 723 570 755 obsidione.

467 775 567 806 Tunc
592 773 746 805 Perusini
769 773 835 804 hoc
858 772 1056 808 sentientes,
1081 776 1296 802 recesserunt
1321 770 1363 800 de
1387 769 1477 806 loco,
1500 768 1557 800 ubi
1589 774 1686 799 erant
1710 768 1805 800 circa
1838 768 2012 799 civitatem
2042 768 2206 804 Cortone,

379 836 412 860 et
435 830 572 859 iverunt
596 838 672 859 cum
697 836 813 858 eorum
840 825 994 857 exercitu
1020 824 1196 855 civitatem
1220 822 1360 855 Castelli
1383 822 1533 863 predicti
1558 822 1776 853 frontatenus
1800 821 1877 852 aliis
1901 826 1967 852 etc.

469 882 601 913 Eodem
625 880 815 916 millesimo,
841 878 961 909 xvn11⁰
986 877 1040 909 die
1057 876 1183 907 mensis
1207 875 1367 908 octubris.
1404 874 1569 906 Dominus
1586 874 1867 906 Aldrovandinus
1883 873 2035 905 marchio
2058 871 2206 914 recepit'

383 935 674 967 confirmationem
698 933 882 963 vicariatus
906 931 1050 962 civitatis
1074 930 1231 962 Ferrarie
1256 939 1318 971 pro
1342 938 1377 960 se
1402 934 1436 959 et
1458 928 1527 959 suis
1552 927 1717 958 fratribus
1740 938 1781 958 a.
1796 950 1802 958 .
1818 951 1825 958 .
1840 951 1847 958 .

469 988 601 1019 Eodem
617 986 807 1022 millesimo,
826 985 881 1016 die
899 984 1046 1015 XXV1111⁰
1062 983 1188 1014 mensis
1205 981 1366 1014 octubris.
1391 981 1557 1012 Dominus
1573 980 1677 1012 Canis
1694 981 1737 1010 de
1754 980 1786 1010 la
1801 978 1903 1011 Scala
1919 979 2004 1010 fecit
2020 979 2092 1010 fieri
2109 979 2142 1009 in
2159 979 2208 1010 ci-

383 1042 488 1072 vitate
513 1040 652 1071 Verone
669 1037 841 1081 quoddam
859 1036 1123 1072 mucroludium,
1141 1036 1184 1067 de
1202 1045 1269 1077 quo
1286 1035 1450 1065 honorem
1468 1033 1526 1064 illa
1543 1033 1597 1064 die
1615 1032 1761 1064 obtinuit
1779 1031 1965 1073 Craspiner
1981 1031 2208 1063 theotonicus.

468 1094 598 1125 Eodem
615 1092 804 1127 millesimo,
821 1090 877 1122 die
895 1090 962 1121 xn⁰
978 1090 1103 1120 mensis
1115 1088 1322 1120 novembris.
1349 1087 1512 1118 Dominus
1526 1086 1809 1117 Aldrovandinus
1821 1086 1972 1116 marchio
1990 1091 2055 1116 etc.
2071 1085 2160 1116 misit
2175 1084 2207 1114 in

383 1147 596 1179 Alemaniam
621 1145 772 1177 Maxium
804 1143 948 1175 Comitis
972 1143 1142 1174 notarium
1167 1141 1251 1173 dicti
1269 1140 1407 1171 domi'ni
1434 1146 1466 1171 et
1488 1140 1664 1181 Johannes
1696 1138 1767 1169 eius
1791 1138 2048 1174 marescalcum,
2073 1137 2132 1178 qui
2165 1147 2207 1168 ex

380 1207 474 1242 parte
492 1200 576 1231 dicti
594 1199 721 1230 domini
745 1197 943 1228 obtulerunt
967 1195 1105 1226 domino
1122 1194 1312 1226 marchioni
1336 1194 1380 1225 de
1405 1192 1643 1233 Brandiburgo
1660 1201 1768 1233 equos
1791 1191 1877 1222 duos
1900 1189 2119 1222 honorabiles
2142 1195 2208 1221 etc.

468 1253 599 1284 Eodem
624 1251 815 1287 millesimo,
839 1249 895 1280 die
921 1249 985 1279 xx⁰
1001 1248 1124 1279 mensis
1139 1247 1344 1278 novembris.
1393 1246 1557 1277 Dominus
1573 1243 1854 1276 Aldrovandinus
1870 1243 2023 1274 marchio
2046 1248 2111 1276 etc.
2134 1243 2208 1274 fieri

381 1306 464 1337 fecit
477 1307 511 1336 in
530 1305 686 1336 Ferraria
702 1303 876 1345 quoddam
892 1301 1143 1333 mucroludium
1161 1311 1264 1341 super
1280 1300 1394 1341 platea
1409 1298 1583 1334 Ferrarie;
1597 1297 1640 1328 11⁰
1657 1303 1691 1327 et
1704 1297 1762 1328 111⁰
1778 1297 1834 1328 die
1850 1297 1934 1328 fecit
1950 1296 2127 1328 colluctari
2142 1301 2207 1327 etc.

469 1359 599 1389 Eodem
625 1356 817 1392 millesimo,
841 1354 892 1386 VI⁰
917 1354 1039 1385 mensis
1063 1353 1266 1385 decembris.
1313 1352 1407 1392 Papa
1431 1352 1591 1382 Clemens
1621 1355 1736 1381 sextus
1768 1349 1856 1381 obiit
1887 1349 1920 1380 in
1953 1349 2092 1380 civitate
2123 1347 2208 1379 Avi-

381 1411 527 1449 nionis‘2‚
551 1411 609 1453 qui
633 1410 816 1441 inhoneste
841 1409 924 1439 vixit
955 1408 990 1439 in
1012 1406 1158 1442 luxuria,
1190 1412 1223 1437 et
1253 1416 1412 1448 magnam
1443 1410 1576 1446 partem
1607 1403 1762 1434 thexauri
1794 1402 1955 1434 Ecclesie
1979 1401 2151 1433 distribuit
2174 1402 2208 1432 in

383 1465 499 1496 amicis
522 1465 591 1495 suis
616 1470 681 1494 etc.

470 1517 599 1549 Eodem
625 1516 804 1547 millesimo
829 1520 862 1545 et
886 1523 1012 1545 mense.
1052 1512 1111 1544 Sal
1135 1513 1241 1544 valuit
1263 1512 1299 1543 in
1316 1511 1458 1543 civitate
1475 1510 1632 1542 Ferrarie
1658 1509 1760 1541 libras
1784 1515 1853 1540 tres
1877 1508 2140 1540 bononiensium
2165 1507 2208 1539 ad

384 1571 534 1601 starium.

453 1622 600 1654 .Eodem
625 1621 816 1658 millesimo,
840 1620 895 1651 die
919 1620 1026 1650 xvmO
1051 1619 1176 1650 mensis
1199 1617 1401 1650 decembris.
1448 1616 1648 1648 Inocentius
1672 1620 1788 1646 sextus
1819 1615 1964 1647 ellectus
1987 1620 2038 1646 est
2061 1624 2209 1645 summus

383 1677 541 1716 pontifex
565 1681 631 1706 etc.

471 1729 602 1760 Eodem
628 1728 821 1765 millesimo,
845 1726 900 1758 die
925 1726 1045 1756 ultimo
1063 1725 1266 1757 decembris.
1302 1723 1468 1754 Dominus
1485 1721 1588 1753 Canis
1613 1722 1655 1752 de
1674 1721 1705 1752 la
1723 1721 1826 1753 Scala
1841 1721 1983 1752 recessit
2000 1720 2042 1751 de
2060 1719 2210 1760 Verona,

382 1789 415 1813 et
438 1782 610 1823 ingressus
633 1788 684 1813 est
707 1781 911 1812 Tridentum
936 1780 980 1810 ad
1004 1779 1144 1816 curiam,
1169 1789 1234 1820 que
1258 1777 1305 1809 ibi
1330 1777 1486 1809 ordinata
1509 1781 1592 1807 erat.

1180 1904 1403 1937 MCCCLIII.

466 2005 530 2035 Die
554 2005 665 2045 primo
687 2003 845 2045 januarii.
895 2001 1058 2032 Dominus
1088 2000 1192 2032 Canis
1224 1999 1403 2040 predictus
1433 1998 1578 2039 aplicuit
1608 1997 1827 2033 Tridentum,
1859 1996 1918 2027 ubi
1947 2001 2019 2026 erat
2051 1994 2209 2027 dominus

383 2056 541 2089 Marchio
559 2059 602 2088 de
628 2055 869 2098 Brandiburgo
893 2062 927 2085 et
945 2054 1012 2087 alii.
1038 2053 1096 2096 qui
1121 2052 1448 2084 armilustrabantur.
1494 2051 1594 2082 Tunc
1620 2049 1777 2081 dominus
1793 2048 1896 2080 Canis
1912 2048 2030 2080 sternit
2048 2047 2209 2079 comitem

382 2112 425 2142 de
451 2110 577 2142 Gualse
602 2121 679 2141 cum
704 2119 764 2140 suo
797 2118 908 2150 equ03
933 2114 1049 2139 tamen
1079 2106 1114 2137 in
1138 2106 1197 2137 illa
1229 2105 1287 2136 die
1319 2104 1467 2136 obtinuit
1490 2105 1653 2135 honorem
1685 2113 1739 2133 ser
1762 2101 1915 2143 Arpinus
1938 2107 1971 2133 et
1994 2101 2143 2132 Buxatus
2166 2100 2210 2131 de

385 2164 597 2200 Mediolano,
622 2163 679 2204 qui
703 2173 780 2193 cum
805 2161 942 2192 domino
969 2159 1079 2191 Cane'
1105 2164 1215 2196 erant,
1239 2164 1273 2189 et
1299 2158 1367 2189 alio
1392 2157 1448 2188 die
1474 2156 1633 2188 dominus
1664 2155 1856 2197 Frignanus
1880 2155 1923 2186 de
1947 2154 1981 2184 la
2011 2153 2113 2185 Scala
2145 2159 2209 2185 etc.

469 2217 601 2248 Eodem
626 2215 804 2247 millesimo
828 2221 861 2246 et
885 2223 999 2245 mense
1023 2213 1089 2244 fuit
1112 2218 1315 2244 terremotus
1345 2211 1557 2252 periculosus
1579 2210 1616 2240 in
1641 2209 1780 2240 civitate
1805 2208 2058 2240 Urbis-veteris
2081 2213 2115 2238 et
2145 2206 2210 2239 Ca-

382 2271 470 2302 stelli
485 2270 508 2305 3,
532 2276 564 2301 et
587 2270 624 2300 in
648 2268 763 2310 Burgo
786 2268 894 2299 sancti
920 2266 1117 2308 Sepulcri⁴‚
1141 2272 1175 2297 et
1198 2265 1303 2296 multa
1326 2264 1466 2305 palatia,
1490 2270 1598 2294 turres
1628 2268 1662 2293 et
1693 2261 1761 2293 alie
1789 2261 1910 2293 domus
1940 2261 2097 2301 dirupate
2122 2264 2209 2297 sunt,

385 2330 418 2356 et
441 2324 544 2354 multe
568 2329 689 2365 gentes
714 2322 890 2362 perierunt
914 2326 980 2352 etc.

469 2376 599 2407 Eodem
623 2375 816 2412 millesimo,
840 2374 895 2405 die
919 2374 977 2405 111⁰
998 2373 1155 2415 januarii.
1201 2372 1369 2403 Dominus
1392 2370 1607 2412 Tayaferrus
1630 2370 1673 2400 de
1698 2367 1880 2400 Costabilis
1912 2373 1944 2398 et
1974 2367 2211 2398 Bertolomeus

384 2431 426 2461 de
452 2428 743 2470 Buchimpanibus
768 2427 894 2458 furtive
918 2432 1136 2458 recesserunt
1153 2426 1195 2457 de
1213 2424 1381 2456 Ferraria.
1407 2422 1574 2454 Dominus
1590 2422 1803 2464 Tayaferrus
1819 2420 1882 2452 ivit
1897 2420 2060 2451 Loretum
2076 2419 2212 2450 distric-

383 2489 434 2514 tus
457 2482 671 2514 Venetorum
696 2487 729 2512 et
754 2480 988 2512 Bertolomeus
1012 2479 1074 2510 ivit
1097 2478 1274 2510 Mantuam
1299 2483 1365 2508 etc.

470 2535 602 2566 Eodem
627 2533 819 2569 millesimo,
844 2532 898 2563 die
916 2542 952 2563 Χῖ
968 2531 1126 2574 januarii.
1173 2531 1251 2562 Rex
1268 2530 1468 2561 Ludovicus
1485 2528 1638 2570 Ungarie
1656 2527 1795 2558 tenebat
1813 2532 2008 2558 carceratos
2031 2524 2207 2556 dominum

386 2588 574 2619 Robertum
599 2593 632 2618 et
656 2586 831 2618 dominum
856 2585 1062 2627 Phylippum
1089 2586 1224 2621 fratres,
1247 2583 1422 2624 principes
1438 2582 1601 2613 Tarantri
1617 2582 1651 2612 in
1668 2579 1821 2622 Ungaria
1838 2579 1872 2609 in
1889 2578 2038 2620 quodam
2062 2583 2175 2609 castro
2189 2576 2211 2614 ⁵,

384 2641 519 2672 nomine
544 2641 693 2676 Tronus‚
716 2640 773 2681 qui
798 2638 948 2670 habebat
971 2637 1152 2680 quemdam
1177 2636 1382 2667 familiarem
1407 2635 1602 2666 lieteratum
1626 2640 1659 2664 et
1675 2633 1871 2664 discretum.
1918 2632 2018 2663 Tunc
2043 2631 2210 2672 Princeps

471 2758 493 2783 5.
514 2752 635 2775 Eodem.
649 2768 689 2774 ...
709 2758 801 2773 mense
821 2759 869 2774 om.
889 2750 967 2774 Mun.
987 2762 1018 2766 —
1039 2757 1063 2781 9.
1084 2748 1208 2779 predicte
1228 2748 1252 2771 A
1273 2760 1281 2764 -
1304 2747 1396 2770 fronte
1415 2748 1497 2770 tenus
1517 2745 1595 2770 Mna.
1616 2758 1646 2761 —
1671 2751 1709 2768 11.
1723 2745 1789 2773 dopo
1803 2750 1818 2766 a
1832 2744 1928 2767 lacuna
1942 2743 1968 2766 in
1981 2742 2055 2769 A&
2069 2749 2118 2766 om.
2131 2741 2209 2766 Mun.

387 2809 416 2811 —
440 2801 478 2818 12.
499 2792 621 2824 xxvnii]
642 2799 731 2816 xvnn
752 2792 865 2816 BMUR.
887 2806 917 2809 —
939 2797 979 2815 20.
1001 2792 1025 2814 iu
1047 2792 1178 2822 margine,
1199 2790 1228 2812 di
1247 2797 1321 2813 mano
1341 2789 1386 2812 del
1405 2792 1498 2818 tempo,
1518 2787 1543 2810 iu
1564 2787 1587 2810 Α
1610 2787 1686 2810 Mors
1706 2792 1777 2817 pape
1797 2784 1954 2809 Clementis
1973 2783 2011 2807 VI
2031 2797 2063 2800 -
2084 2789 2124 2807 22.
2146 2783 2207 2806 mil·

385 2837 484 2859 lesimo
505 2838 531 2859 et
551 2845 598 2859 om.
620 2836 696 2859 MUR.
716 2849 725 2852 -
745 2836 779 2858 ad
801 2843 891 2859 manca
912 2835 937 2858 in
958 2835 981 2858 A
994 2835 1016 2857 B
1036 2846 1067 2850 —
1089 2840 1130 2864 24.
1150 2832 1253 2856 Eodem
1346 2832 1372 2854 et
1392 2839 1439 2854 om.
1460 2830 1536 2854 Mun.
1564 2842 1571 2846 -
1598 2829 1623 2851 in
1650 2828 1773 2860 margiwe
1798 2828 1827 2850 di
1851 2835 1925 2851 mano
1951 2827 1996 2850 del
2019 2829 2111 2856 tempo,
2137 2832 2210 2856 papa

384 2878 569 2901 Innocentius
590 2891 598 2894 -
619 2876 718 2908 xvui‘]
739 2884 789 2901 xix
810 2877 885 2901 MUR.
907 2890 937 2893 —
959 2883 999 2907 33.
1020 2876 1174 2899 millesimo
1193 2876 1221 2897 et
1239 2882 1287 2897 om.
1307 2873 1384 2896 MUR.
1406 2885 1437 2888 ›—
1458 2879 1499 2901 41.
1521 2871 1609 2894 famil.
1630 2870 1669 2900 A3
1690 2869 1825 2893 {amulum
1848 2868 1959 2892 BMUR.

475 2965 480 2980 ¹
502 2966 592 2996 Rarga
612 2973 627 2988 a
649 2972 679 2996 35
701 2965 748 2989 kil.
771 2965 804 2988 da
825 2964 924 2988 Lueca.
1412 2959 1423 2974 ⁴
1443 2960 1499 2984 San
1519 2959 1652 2990 Sepolcro
1673 2965 1688 2981 a
1708 2957 1758 2981 kil.
1779 2957 1812 2988 38
1832 2957 1865 2980 da
1886 2957 2002 2980 Arezzo.

473 3006 483 3021 ²
507 3007 577 3030 Mori
600 3008 629 3030 in
649 3007 826 3030 Villeneuvc.
1413 2999 1423 3016 ⁵
1450 3001 1461 3024 Ι
1492 3000 1572 3024 Reali
1606 3000 1633 3023 di
1668 2998 1773 3030 Napoli
1805 3006 1890 3022 erano
1923 2997 1996 3021 nelle
2027 2995 2154 3028 prigioni
2182 2996 2209 3019 di

473 3047 483 3063 3
503 3047 582 3074 Cittit
602 3049 629 3072 di
652 3048 778 3072 Castello
800 3056 813 3072 a
836 3054 864 3078 55
886 3049 935 3071 kil.
957 3048 991 3071 da
1010 3047 1141 3077 Pcrugia.
1326 3044 1476 3075 NVisgmtz.

2235 873 2272 904 lo

2235 1137 2271 1168 15

2232 1402 2273 1432 20

2233 1665 2273 1697 25

2234 2049 2275 2078 30

2233 2311 2274 2344 35

2235 2577 2276 2608 40

2242 3043 2274 3060 10
