2360 3603
172 519 210 538 Mu

211 2005 230 2018 C.
248 2004 306 2018 102r

215 525 244 542 a„
263 520 298 538 ⁴17

332 2719 362 2736 10

333 2924 361 2948 ις

388 197 458 258 126
1013 222 1322 257 CHRoNlcoN
1353 221 1581 257 ESTENSE
2047 228 2099 261 [A.
2120 231 2213 263 1345]

379 353 514 384 Curiaci
531 354 574 384 de
590 354 743 385 districtu
760 354 893 387 Parme,
911 353 1001 394 quod
1019 359 1091 383 erat
1104 351 1302 384 inobediens
1319 352 1455 383 domino
1473 352 1675 389 Marchioni‚
1694 358 1727 383 et
1739 352 1846 393 ipsum
1865 352 2072 389 habuerunt;
2089 353 2214 385 deinde

380 404 629 446 'equitaverunt
654 408 680 437 F
683 406 883 447 ormiginem
916 406 958 436 de
986 405 1139 436 districtu
1170 405 1311 441 Mutine,
1337 404 1453 446 ibique
1478 404 1575 444 plura
1600 405 1852 443 ordinaverunt,
1877 412 1909 436 et
1933 405 2123 437 habuerunt
2147 406 2214 438 duo

378 457 442 488 alia
467 464 576 488 castra
600 458 643 489 de
669 458 823 489 districtu
848 458 962 499 Regii.

468 510 597 541 Eodem
622 510 808 548 millesimo,
837 520 907 540 xxv
939 510 1062 541 mensis
1086 509 1199 541 martii
1215 508 1233 540 ¹.
1259 510 1423 541 Dominus
1455 509 1641 540 Ubertinus
1673 510 1732 540 de'
1756 509 1896 541 Cararia
1919 510 2074 541 dominus
2098 510 2214 542 Padue

377 562 462 593 obiit
484 562 518 592 in
544 563 635 593 dicta
659 563 808 598 civitate,
834 563 967 604 alioque
994 563 1048 593 die
1072 562 1223 603 sepultus
1248 562 1313 592 suit
1336 562 1534 593 honorifice.

464 614 593 645 Eodem
607 615 794 652 millesimo,
813 625 914 646 xxvn
931 615 1055 646 mensis
1072 614 1190 645 martii.
1215 614 1380 645 Dominus
1396 614 1605 646 Marsilietus
1622 615 1665 646 de
1683 614 1821 646 Cararia
1834 613 1856 651 ³,
1874 625 1915 645 ex
1932 615 2138 656 volumptate
2156 626 2216 656 po-

376 667 446 708 puli
471 674 504 698 et
530 668 681 699 comunis
703 668 831 705 Padue,
857 669 987 699 electus
1012 674 1044 699 et
1070 668 1287 698 confirmatus
1311 673 1361 698 est
1386 667 1542 698 dominus
1568 667 1659 698 dicte
1685 667 1840 698 civitatis.

466 719 595 751 Eodem
621 721 798 752 millesimo
823 728 855 752 et
874 721 928 752 die
947 721 1152 762 supradicto.
1179 719 1343 752 Dominus
1360 719 1457 762 Acco
1476 721 1519 751 de
1536 720 1673 762 Corigia
1691 720 1774 751 civis
1791 720 2009 758 honorabilis,
2027 721 2069 752 de
2088 720 2216 752 volum-

376 779 468 814 ptate
495 773 708 805 dominorum
733 773 972 805 Marchionum
998 780 1031 804 et
1054 773 1140 805 sicut
1164 778 1303 814 patruus
1328 772 1541 804 dominorum
1567 772 1699 804 Alberti
1725 778 1759 803 et
1782 773 1920 804 Mastini
1938 773 1980 804 de
1997 774 2031 804 la
2048 773 2149 805 Scala
2172 774 2216 805 de

378 826 526 863 Verona,
552 827 721 858 concessit
745 833 779 857 et
802 827 946 858 firmavit
970 826 1153 868 quamdam
1181 826 1403 867 parentelam,
1428 825 1590 856 videlicet
1621 826 1664 856 de
1688 826 1895 867 volumptate
1921 826 2022 857 etiam
2048 826 2215 857 dictorum

379 879 422 909 de
439 879 588 918 Verona,
606 881 787 921 quamdam
813 880 914 910 filiam
939 879 1127 911 naturalem
1145 878 1228 910 dicti
1246 878 1373 910 domini
1390 877 1534 916 Atheni,
1552 888 1617 920 que
1642 878 1829 910 vocabatur
1853 879 1989 910 domina
2007 878 2216 917 Constantia,

378 931 413 961 in
436 942 575 963 uxorem
599 932 767 964 Lodovici
791 933 849 963 filii
873 932 1001 964 domini
1017 931 1196 963 Tomaxini
1215 931 1258 962 de
1275 931 1452 963 Monteclo
1467 930 1494 961 ⁸:
1520 941 1620 973 quam
1636 931 1847 971 parentelam
1864 931 2007 962 firmavit
2031 930 2141 962 dictus
2157 931 2216 962 do-

377 984 485 1015 minus
510 984 604 1027 Acco
629 995 706 1016 cum
723 986 860 1017 domino
885 984 1100 1016 Thomaxino
1128 984 1314 1025 recipiente
1339 993 1401 1025 pro
1426 983 1496 1014 eius
1520 983 1797 1019 filio-Ludovico3
1824 990 1857 1015 et
1875 984 1919 1015 ad
1943 983 2132 1014 firmitatem
2156 983 2216 1014 hu-

378 1037 428 1068 ius
451 1038 625 1078 parentele
643 1038 804 1069 miserunt
828 1048 951 1079 penam
975 1037 1120 1079 partium
1146 1040 1188 1067 x¹¹¹
1213 1037 1416 1068 florenorum
1434 1046 1510 1067 cum
1534 1042 1746 1068 sacramento
1770 1046 1872 1078 super
1896 1035 2017 1067 librum
2041 1036 2217 1067 messalem

380 1089 536 1130 cappelle
561 1090 689 1121 domini
713 1090 937 1122 Marchionis.

467 1142 597 1174 Eodem
622 1143 811 1181 millesimo,
836 1143 890 1174 die
914 1146 994 1174 1111⁰r
1011 1142 1134 1174 mensis
1158 1142 1293 1183 aprelis.
1319 1142 1451 1173 Rumor
1474 1141 1592 1182 populi
1617 1141 1768 1172 elevatus
1793 1147 1842 1173 est
1865 1142 1898 1172 in
1924 1141 2058 1173 civitate
2082 1141 2216 1179 Parme,

377 1200 410 1225 et
434 1205 550 1226 omnes
574 1195 666 1226 cives
691 1195 895 1227 clamabant:
929 1195 1026 1227 Vivat
1050 1194 1204 1237 populus.
1244 1194 1344 1225 Tunc
1371 1194 1526 1225 dominus
1549 1194 1752 1224 Franciscus
1776 1194 1929 1225 marchio
1954 1194 2094 1225 estensis
2126 1194 2216 1224 vica-

376 1247 444 1278 rius
467 1247 635 1288 generalis
661 1248 750 1279 dicte
776 1248 920 1279 civitatis
936 1258 998 1289 pro
1024 1247 1094 1278 eius
1119 1252 1240 1288 patruo
1265 1247 1404 1278 domino
1429 1246 1627 1277 marchione
1653 1245 1807 1287 Obicone
1839 1257 1907 1276 una
1930 1256 2006 1277 cum
2038 1252 2218 1287 potestate,

380 1300 559 1341 capitaneo
584 1301 673 1332 dicte
699 1300 843 1332 civitatis
875 1307 907 1332 et
932 1300 1069 1332 domino
1095 1299 1262 1331 Ghiberto
1291 1299 1334 1330 de
1359 1300 1487 1331 Sancto
1511 1299 1629 1336 vitali,
1654 1304 1871 1330 accesserunt
1894 1299 2041 1340 plateam
2068 1298 2219 1330 comunis

380 1360 507 1384 armata
530 1364 629 1384 mauu
654 1354 855 1385 clamantes:
890 1354 987 1385 Vivat
1002 1353 1153 1384 dominus
1177 1353 1343 1384 Alarclzio.
1377 1353 1419 1383 Et
1444 1352 1543 1383 etiam
1567 1362 1644 1383 cum
1670 1352 1718 1382 eis
1735 1351 1964 1383 Bernardinus
1991 1352 2032 1382 de
2058 1351 2216 1389 Curiaeo,

380 1406 440 1447 qui
463 1406 529 1437 iam
554 1407 753 1437 invenerant
777 1406 811 1437 in
834 1406 986 1447 pluribus
1010 1405 1094 1437 locis
1124 1411 1244 1437 stratas
1267 1411 1412 1436 serratas
1443 1404 1589 1441 curibus,
1614 1403 1765 1435 trabibus
1794 1411 1826 1435 et
1858 1404 1942 1435 aliis.
1989 1403 2102 1435 Rubei
2129 1404 2218 1435 dicte

379 1459 525 1490 civitatis
542 1469 617 1490 cum
633 1465 729 1500 parte
745 1458 932 1501 ghibellina
949 1458 1159 1490 decurebant
1182 1468 1244 1499 per
1268 1458 1443 1489 civitatem
1469 1457 1668 1488 clamantes:
1686 1457 1852 1498 Populum
1862 1469 1873 1497 ;
1897 1457 2054 1489 dominus
2078 1456 2219 1488 Franci-

378 1522 455 1543 scus
478 1523 554 1543 cum
579 1512 660 1543 suis:
687 1512 784 1543 Vivat
807 1513 957 1543 dominus
981 1512 1148 1543 stIarcln'o.
1196 1512 1328 1542 Tamen
1351 1521 1429 1551 pars
1453 1510 1580 1542 domini
1607 1510 1817 1541 Marchionis
1834 1509 1987 1548 obtinuit,
2005 1516 2039 1541 et
2062 1509 2156 1540 multi
2174 1510 2218 1540 de

379 1564 452 1596 aliis
477 1565 656 1596 contrariis
681 1565 771 1606 capti
796 1566 945 1602 fuerunt,
972 1565 1106 1602 mortui,
1131 1564 1294 1605 suspensi,
1320 1563 1520 1604 decapitati,
1545 1569 1580 1595 et
1604 1563 1764 1594 mulieres
1788 1563 1903 1604 plures
1927 1562 2103 1594 combuste
2128 1562 2220 1594 dicta

381 1617 425 1648 de
450 1628 563 1649 causa.

466 1671 599 1702 Eodem
616 1670 805 1708 millesimo,
823 1671 880 1702 die
897 1670 1030 1702 veneris
1042 1670 1064 1708 4,
1090 1671 1133 1701 de
1158 1679 1245 1708 sero,
1262 1679 1343 1700 vnn
1361 1669 1485 1700 mensis
1510 1668 1645 1709 aprelis.
1669 1667 1820 1710 Jacobus
1836 1674 1869 1700 et
1884 1667 2072 1710 Jacobinus
2095 1668 2219 1698 fratres

380 1723 439 1754 filii
463 1723 634 1765 quondam
659 1723 786 1754 domini
811 1723 982 1765 Niccolay
1007 1723 1050 1754 de
1075 1722 1214 1754 Cararia
1231 1723 1273 1753 de
1292 1722 1420 1758 padua,
1439 1722 1481 1752 de
1507 1721 1716 1762 volumptate
1734 1727 1767 1752 et
1782 1731 1882 1752 sensu
1900 1723 1979 1751 ΠῑιθΓ
1996 1719 2217 1751 familiarium

381 1776 509 1808 domini
534 1776 736 1808 Marsiliecti
762 1777 804 1808 de
829 1776 971 1807 Cararia
995 1775 1123 1807 domini
1141 1781 1221 1806 tunc
1238 1775 1367 1812 Pachae,
1385 1774 1519 1806 scilicet
1542 1774 1710 1818 Canboni,
1727 1774 1889 1816 Lungim',
1912 1773 2007 1805 Petri
2031 1773 2074 1804 de
2098 1773 2218 1805 Curta-

380 1830 464 1866 rolo,
490 1835 542 1860 et.
557 1853 564 1862 .
579 1853 586 1860 .
602 1852 610 1860 .
628 1829 762 1860 iverunt
791 1830 927 1860 domum
952 1828 1035 1859 dicti
1066 1828 1191 1860 domini
1217 1827 1430 1864 Marsiliecti,
1455 1828 1497 1858 de
1522 1837 1609 1865 sero,
1638 1828 1682 1858 ad
1713 1827 1858 1858 hostium
1891 1835 2026 1857 camere
2049 1836 2108 1856 sue
2142 1835 2218 1856 cum

381 1892 498 1913 eorum
521 1881 741 1913 servitoribus
764 1882 901 1913 armatis
924 1881 1072 1913 cultellis
1096 1881 1195 1912 nudis
1219 1880 1276 1921 [et]
1293 1881 1513 1921 pulsaverunt
1536 1880 1580 1911 ad
1604 1880 1750 1911 hostium
1773 1879 1974 1921 predictum.
2021 1878 2219 1910 Familiares

380 1934 566 1976 supradicti
590 1935 787 1976 aperierunt
819 1934 897 1973 illis,
923 1941 956 1966 et
987 1934 1150 1965 intrantes
1175 1943 1344 1965 cameram
1369 1933 1452 1972 eius,
1475 1933 1679 1964 invenerunt
1712 1943 1788 1964 eum
1813 1932 1858 1963 ad
1888 1932 2002 1963 locum
2026 1940 2218 1968 comunem,

381 1999 483 2030 quem
507 1988 708 2019 occiderunt
731 1987 868 2029 gladiis,
887 1985 1028 2018 deinde'
1053 1987 1217 2018 miserunt
1241 1997 1302 2027 per
1327 1986 1501 2018 dominum
1526 1984 1748 2027 potestatem5
1773 1985 1865 2016 dicte
1890 1984 2044 2023 civitatis,
2068 1983 2221 2015 dicentes

381 2041 447 2072 illi:
473 2041 635 2072 Dominus
661 2040 887 2072 Marsilz‘ectus
910 2044 1059 2071 mortuus
1083 2043 1132 2070 est
1139 2051 1150 2080 ;
1173 2040 1282 2070 videte
1305 2040 1415 2081 ipsum
1439 2038 1506 2079 z'b2';
1536 2049 1593 2069 nos
1623 2038 1772 2069 volumus
1795 2037 2049 2069 dominationem
2073 2036 2220 2067 civitatis

380 2098 444 2136 pro
468 2094 577 2133 nobz's;
601 2098 633 2124 et
655 2105 712 2125 vos
737 2094 886 2124 volamus
908 2094 944 2124 in
968 2096 1176 2135 potestatem,
1194 2097 1227 2123 et
1248 2093 1333 2124 sicut
1356 2092 1530 2123 iuravistis
1552 2091 1609 2122 sub
1634 2091 1764 2122 domino
1788 2090 2010 2130 sllczrsc'lz'ecto,
2035 2091 2085 2120 ita
2107 2089 2222 2121 iurari

382 2146 530 2178 volumus
552 2147 608 2177 sub
625 2146 726 2177 nobis.
767 2146 837 2183 Qui
863 2145 1019 2178 dominus
1043 2151 1194 2186 potestas
1217 2145 1337 2176 videns
1354 2144 1429 2182 hec,
1447 2144 1581 2175 iuravit.
1620 2143 1701 2175 Post
1725 2144 1800 2180 hec,
1826 2142 2043 2185 congregatis
2065 2141 2219 2184 undique

474 2290 495 2307 1.
517 2282 549 2307 de
569 2281 711 2314 districtu]
738 2282 883 2306 districtus
902 2282 928 2305 B
945 2282 1022 2306 Mun.
1044 2296 1073 2298 —
1093 2289 1117 2312 4.
1139 2281 1242 2305 Eodem
1269 2280 1432 2311 millesimo]
1459 2280 1502 2304 die
1522 2280 1599 2304 Mna.
1620 2292 1650 2296 —-
1671 2278 1694 2303 6.
1716 2279 1819 2303 Eodem
1846 2278 1994 2302 millesimo
2021 2285 2068 2301 om.
2087 2276 2165 2301 Mun.
2185 2289 2217 2293 —

384 2332 407 2355 9.
427 2324 490 2355 dopo
511 2324 705 2348 Marchionum
719 2325 748 2347 in
760 2323 783 2346 Α
802 2323 923 2352 tradidit
942 2330 963 2347 s.
982 2323 1121 2346 cancellato
1140 2330 1185 2345 con
1199 2330 1235 2345 un
1249 2323 1305 2353 rigo
1322 2335 1352 2340 —
1370 2329 1407 2352 14.
1421 2320 1574 2353 parentele]
1590 2322 1742 2353 parentatis
1755 2321 1882 2348 Binum
1904 2320 2010 2352 parent.
2024 2318 2048 2342 A
2060 2331 2070 2336 -
2085 2316 2218 2350 partium]

385 2366 505 2398 pretium
525 2365 601 2389 Mun.
616 2378 626 2382 -
645 2366 707 2396 dopo
728 2365 868 2389 messalem
887 2365 917 2388 in
931 2365 954 2388 Α
967 2365 1018 2388 dni
1035 2364 1175 2387 cancellato
1193 2372 1238 2387 con
1252 2372 1288 2387 un
1308 2364 1365 2395 νιζξο
1380 2377 1411 2381 -—
1429 2363 1469 2388 18.
1483 2364 1510 2386 et
1529 2364 1591 2393 dopo
1611 2363 1745 2393 potestate
1763 2369 1824 2392 agg.
1842 2361 1921 2385 Mun.
1935 2374 1966 2378 —-
1981 2359 2021 2384 26.
2037 2359 2143 2384 Eodem
2161 2359 2220 2383 mil-

385 2408 482 2431 lesimo
502 2415 549 2430 om,
570 2407 649 2432 Mun.
671 2421 699 2423 --r
723 2412 763 2436 27.
783 2406 878 2437 sensu]
904 2413 1040 2431 consensu
1061 2406 1137 2430 Mun.
1158 2419 1191 2423 ——-
1211 2411 1253 2436 29.
1273 2406 1335 2436 dopo
1354 2407 1381 2429 et
1399 2405 1493 2428 lacuna
1512 2405 1542 2428 in
1554 2404 1700 2428 ABMUR.
1721 2416 1731 2421 -
1747 2404 1837 2434 prima
1855 2403 1886 2425 di
1903 2403 2014 2426 iverunt
2032 2402 2061 2424 in
2079 2401 2102 2424 A
2122 2406 2219 2424 omnes

379 2448 518 2472 cancellato
536 2456 581 2471 con
600 2456 636 2471 un
655 2449 713 2479 rigo
732 2461 763 2465 —
779 2454 820 2478 30.
833 2450 861 2471 et
880 2449 942 2478 dopo
962 2447 1044 2472 nudis
1063 2455 1123 2478 agg.
1143 2447 1219 2471 Mun.
1234 2459 1244 2464 -
1265 2447 1351 2470 Famil
1366 2447 1407 2474 A:
1429 2446 1526 2470 Famul
1540 2446 1582 2473 B,-
1600 2446 1708 2469 Famuli
1728 2445 1805 2469 Mun.
1821 2457 1852 2461 —
1867 2451 1908 2475 31.
1924 2444 2015 2474 prima
2033 2443 2064 2466 di
2081 2449 2143 2466 eum
2162 2441 2221 2465 AB

384 2497 443 2521 agg.
457 2491 507 2519 adt
527 2492 556 2513 in
575 2490 599 2514 Α
614 2492 677 2520 pero
688 2490 728 2519 su
747 2491 873 2521 aggiunto
889 2490 1100 2520 posteriormente
1120 2488 1326 2512 nell’interlineo
1340 2501 1350 2505 -
1370 2489 1461 2512 locum
1479 2494 1623 2512 comunem
1643 2488 1672 2510 in
1685 2488 1709 2510 A
1721 2487 1735 2509 ἑ
1753 2487 1840 2510 scritto
1855 2486 2066 2516 posteriormente
2081 2487 2131 2515 per
2143 2484 2220 2507 riem-

381 2533 440 2562 pire
460 2532 553 2555 lacuna
572 2531 641 2555 dallo
659 2534 733 2555 stesso
751 2532 847 2562 copista
868 2544 900 2547 —
919 2538 961 2562 32.
976 2538 1023 2562 per
1043 2531 1187 2554 dominum
1202 2529 1377 2562 potestatem]
1399 2537 1450 2560 pro
1470 2529 1586 2553 domino
1605 2529 1745 2561 potestate
1765 2527 1842 2552 MUR.

387 2627 446 2652 cosi
465 2628 610 2652 nominato
632 2626 729 2660 perche
743 2629 888 2660 composto
909 2628 938 2651 di
955 2628 1065 2659 quattro
1084 2626 1200 2656 castelli,
1219 2624 1280 2650 cioe
1420 2624 1431 2640 ³
1451 2625 1555 2654 Questa
1580 2624 1705 2656 famiglia
1731 2623 1772 2648 de’
1791 2623 1898 2655 signori
1924 2623 1953 2646 di
1976 2622 2151 2646 Monteechio
2176 2629 2223 2646 era

388 2670 417 2693 di
432 2670 622 2699 Montezanni,
636 2670 826 2699 Montevedro,
841 2669 1016 2693 Monteluzzo
1030 2677 1043 2692 e
1060 2669 1219 2698 ssibianello,
1230 2669 1280 2692 che
1332 2668 1406 2691 detta
1427 2667 1469 2691 de‘
1489 2666 1658 2690 Visdomini.
1680 2665 1725 2691 Cf.
1745 2666 1936 2694 TmABoscm,
1949 2664 2103 2688 Dizionan'o
2115 2670 2175 2691 ecc„
2188 2662 2223 2692 11,

388 2717 473 2734 erano
493 2711 562 2735 della
583 2711 677 2734 nobile
697 2710 825 2742 famiglia
851 2711 986 2735 Canossa.
1024 2710 1069 2735 Cf.
1090 2711 1280 2739 Tnmnoscm,
1334 2717 1358 2741 p.
1383 2716 1439 2733 101.

389 2753 541 2776 Ds‘zz'onario
561 2760 622 2780 ecc„
642 2755 680 2783 op.
700 2754 756 2779 cit„
776 2760 802 2784 p.
823 2759 883 2783 ²34·
1176 2775 1180 2780 ,
1422 2749 1433 2764 ⁴
1452 2750 1475 2774 11
1502 2759 1518 2782 9
1543 2750 1571 2773 di
1591 2750 1677 2781 aprile
1698 2749 1742 2773 del
1766 2754 1829 2779 1345
1850 2747 1934 2771 cadde
1954 2748 1983 2770 in
2010 2748 2120 2775 sabato;
2146 2753 2223 2770 vera-

478 2793 483 2807 ¹
508 2793 645 2818 Ubertino
665 2792 736 2817 morl
756 2794 774 2817 '11
796 2800 827 2824 29
848 2801 950 2818 marzo.
971 2793 1015 2818 Cf.
1035 2794 1065 2818 P.
1085 2793 1212 2822 Cnomo,
1235 2793 1281 2816 Al·
1334 2794 1432 2823 mente,
1451 2799 1530 2816 come
1556 2792 1582 2814 la
1602 2791 1731 2822 maggior
1756 2791 1833 2822 parte
1853 2789 1898 2813 dei
1923 2789 2043 2813 cronisti
2065 2788 2223 2816 affer-mano,

390 2836 446 2858 bero
466 2834 534 2858 della
544 2833 675 2866 samiglia
694 2834 844 2866 Papafava,
864 2835 992 2864 Yenezia,
1015 2834 1089 2865 1801,
1108 2842 1134 2865 p.
1155 2834 1197 2865 48.
1334 2835 1362 2858 la
1382 2835 1472 2858 morte
1492 2834 1520 2857 di
1540 2832 1712 2857 Marsilietto
1731 2839 1859 2856 avvenne
1880 2831 1899 2854 il
1919 2831 1934 2855 6
1954 2831 2064 2863 maggio
2086 2835 2150 2862 1345
2174 2829 2224 2853 che

478 2874 488 2890 ‘³
510 2876 676 2899 Marsilietto
701 2876 735 2899 da
757 2875 876 2900 Cnrrara
903 2876 982 2900 detto
1007 2875 1170 2907 Pappatava
1194 2883 1281 2898 venno
1336 2884 1383 2900 era
1402 2877 1527 2907 appunto
1546 2882 1582 2899 un
1603 2873 1723 2899 venei-di.

391 2917 536 2948 designato
554 2917 628 2940 dallo
647 2918 735 2941 stesso
755 2917 892 2941 Ubertino
913 2917 940 2940 in
964 2918 1080 2949 proprio
1101 2917 1180 2941 erede
1199 2923 1213 2940 e
1225 2923 1283 2940 suc-
1423 2916 1434 2932 ⁵
1453 2917 1612 2947 Aldrigetto
1631 2916 1666 2940 da
1687 2916 1886 2946 Montagnana.

393 2965 500 2982 cessore
521 2959 565 2982 nel
585 2959 753 2991 principato.

2242 827 2281 857 10

2244 1089 2281 1119 15

2241 1353 2282 1382 20

2242 1616 2282 1645 25

2243 1879 2284 1910 30

2243 2141 2283 2172 35

2251 2750 2284 2767 20
