2360 3603
100 210 152 244 [Α.
172 211 264 243 1342]
725 206 1035 241 CHRONICON
1062 206 1289 242 ESTENSE

183 333 314 365 Eodem
339 333 526 371 millesimo,
551 334 606 366 die
631 335 709 365 lune
734 334 832 365 tertio
855 334 951 376 junii.
995 334 1158 366 Dominus
1175 334 1376 367 Franciscus
1400 335 1485 366 filius
1512 336 1636 367 domini
1663 336 1812 368 Bertoldi
1837 348 1923 368 mar-

98 386 229 418 chionis
254 386 347 417 duxit
371 386 403 417 in
427 396 567 418 uxorem
590 387 625 417 in
651 387 807 418 Ferraria
831 386 1101 418 dominam....¹.

182 437 314 470 Eodem
331 438 518 477 millesimo,
533 439 587 470 die
606 449 697 470 xvnI
712 438 805 481 junii.
830 440 858 471 F
860 440 1032 470 ranciscus
1049 439 1091 470 de
1108 440 1273 476 Ferraria,
1291 440 1466 472 familiaris
1483 441 1609 473 domini
1626 442 1781 473 Hostaxii
1798 443 1924 474 domini

96 491 273 528 Ravenne,
299 492 461 523 conduxit
484 491 527 522 de
551 491 707 522 Ferraria
730 502 836 533 usque
861 491 1060 522 Ravennam
1086 500 1164 523 octo
1189 491 1368 524 banderias
1391 493 1543 533 peditum
1567 494 1610 525 ad
1634 494 1837 535 stipendium
1863 496 1924 527 do-

96 543 179 573 mini
203 543 373 580 Hostaxii3
399 550 432 574 et
455 543 501 574 ibi
525 549 598 574 erat
621 543 759 584 quidam
783 543 886 574 milex
909 544 952 574 de
976 543 1131 582 Ancona,
1156 544 1214 586 qui
1231 544 1416 576 vocabatur
1433 545 1588 577 dominus
1613 546 1740 589 Symon
1755 545 1784 583 2;
1810 554 1844 579 et
1866 558 1923 579 ac-

95 595 189 636 cepit
213 596 323 627 dictos
346 595 586 636 stipendiarios
610 596 643 626 in
667 595 810 627 navibus
826 596 905 633 suis,
923 596 1176 638 conducxitque
1200 606 1260 628 eos
1283 607 1344 637 per
1369 607 1461 629 mare
1485 608 1591 639 usque
1615 598 1804 637 Anconam,
1821 610 1922 631 causa

95 647 287 689 accipiendi
310 648 478 679 civitatem
502 648 709 689 predictam3
735 654 785 680 set
810 648 915 679 nichil
937 649 1077 689 profuit,
1101 649 1180 691 quia
1205 649 1401 690 capitaneus
1426 650 1516 682 dicte
1541 651 1686 682 civitatis
1709 651 1775 682 iam
1792 653 1923 693 presci—

94 705 188 730 verat
212 700 393 731 adventum
419 700 500 738 eius,
525 709 629 741 quare
653 700 803 741 providit
826 710 872 737 se,
897 706 931 731 et
960 711 1035 732 cum
1061 700 1152 731 dicto
1179 701 1315 732 domino
1341 701 1489 743 Symone
1514 703 1655 734 viriliter
1679 703 1814 743 preliati
1847 710 1922 735 sunt

94 751 137 783 ad
160 752 314 784 invicem.
360 753 517 784 Tandem
543 753 701 784 dominus
733 753 861 794 Symon
885 763 952 784 non
976 753 1081 784 valuit
1112 753 1310 791 substinere,
1335 764 1440 795 quare
1464 755 1535 795 ipse
1563 766 1639 786 cum
1671 756 1824 788 omnibus
1855 758 1923 788 suis

96 805 217 836 mortui
241 811 273 836 et
296 805 468 836 interfecti
492 811 577 842 sunt,
602 811 635 835 et
658 805 762 836 ceteri
785 805 955 846 fugientes
979 805 1070 846 capti
1094 805 1232 836 fuerunt
1257 812 1290 836 et
1314 807 1436 837 mortui
1459 807 1597 838 fuerunt
1621 814 1685 839 etc.

179 856 312 889 Eodem
335 857 523 894 millesimo,
548 857 604 889 die
628 867 680 887 vn
703 857 787 899 julii.
824 857 987 888 Dominus
1009 857 1176 888 Mastinus
1200 858 1243 889 de
1270 858 1301 888 la
1325 858 1436 896 Scala,
1461 858 1616 890 dominus
1639 860 1777 892 Tadeus
1799 861 1841 892 de
1859 862 1923 893 Pe-

92 908 180 949 pulis
207 915 240 940 et
270 910 517 942 ambaxiatores
541 909 694 941 comunis
718 909 889 940 Florentie
913 915 1080 940 venerunt
1111 910 1298 941 Ferrariam
1331 912 1374 942 ad
1406 911 1651 952 parlamentum
1684 923 1759 944 cum
1785 914 1923 946 domino

93 961 248 1004 Obicone
271 963 468 994 marchione
492 968 569 999 etc.,
594 961 715 1003 quibus
738 961 810 993 fieri
833 962 917 993 fecit
940 962 1103 993 honorem
1128 963 1320 994 maximum.

179 1015 310 1046 Eodem
334 1015 510 1047 millesimo
534 1015 577 1045 de
601 1024 716 1045 mense
739 1014 824 1056 julii.
864 1013 1029 1045 Dominus
1044 1014 1224 1046 Malatesta
1241 1015 1284 1046 de
1301 1014 1475 1047 Arimino³
1500 1017 1663 1049 recedens
1681 1019 1723 1049 de
1740 1019 1921 1058 Florentia,

91 1066 182 1098 venit
205 1068 395 1099 Ferrariam
419 1068 463 1098 ad
485 1067 732 1108 parlamentum
758 1077 835 1097 cum
859 1066 997 1098 domino
1021 1066 1174 1108 Obicone
1192 1068 1397 1099 marchione.

178 1120 310 1152 Eodem
322 1120 497 1151 millesimo
511 1119 554 1150 de
571 1128 686 1150 mense
704 1118 905 1159 septembris
913 1118 935 1150 ⁴.
960 1119 1037 1150 Dux
1053 1118 1264 1150 Athenarum
1275 1119 1286 1137 ⁵
1303 1121 1501 1152 constitutus
1518 1129 1567 1153 est
1584 1123 1737 1155 dominus
1754 1125 1923 1166 generalis

92 1172 237 1203 civitatis
254 1173 437 1210 Florentie‚
455 1171 588 1203 Pistorii
606 1177 640 1202 et
654 1170 773 1208 Aretii,
791 1180 833 1202 ex
849 1171 1045 1211 volunptate
1065 1172 1218 1203 comunis
1234 1172 1408 1204 Florentie
1430 1180 1570 1214 propter
1587 1184 1703 1206 eorum
1730 1177 1921 1209 divisiones

177 1223 308 1255 Eodem
333 1224 520 1260 millesimo,
544 1233 565 1254 x
590 1223 713 1255 mensis
742 1223 953 1264 septembris.
986 1223 1160 1264 Johannes
1183 1224 1268 1255 filius
1301 1225 1429 1257 domini
1456 1226 1567 1257 Tadei
1591 1227 1634 1259 de
1662 1229 1799 1270 Pepulis
1831 1230 1923 1261 venit

89 1276 276 1307 Ferrariam
300 1277 343 1308 ad
366 1276 612 1317 parlamentum
638 1286 714 1307 cum
738 1275 874 1308 domino
899 1275 1054 1318 Obicone
1079 1277 1287 1315 marchione,
1313 1278 1494 1310 occasione
1519 1280 1684 1311 adventus
1715 1292 1837 1324 magne
1869 1294 1922 1314 so-

91 1328 213 1360 tietatis
237 1338 304 1371 que
328 1329 486 1360 veniebat
511 1329 543 1359 in
567 1328 718 1370 partibus
741 1328 984 1367 Romandiole‚
1016 1328 1147 1360 scilicet
1171 1329 1322 1368 Forlivii,
1355 1331 1398 1362 ad
1422 1331 1647 1372 i[n]stanciam
1673 1334 1845 1366 Francisci
1878 1336 1922 1366 de

88 1381 257 1413 Ordilaffis
281 1382 409 1414 domini
434 1382 526 1414 dicte
551 1382 695 1413 civitatis
721 1387 754 1412 et
784 1381 927 1419 Cesene,
952 1381 1151 1413 desiderans
1182 1383 1310 1414 inferre
1335 1383 1485 1425 dapnum
1517 1385 1662 1417 dominis
1691 1386 1734 1418 de
1765 1388 1921 1419 Bononia

87 1434 131 1465 ad
154 1434 344 1466 instantiam
369 1434 497 1466 domini
520 1434 667 1466 Luchini
690 1434 912 1466 Vicecomitis
943 1440 977 1466 et
1008 1435 1221 1466 dominorum
1252 1436 1404 1473 Mantue,
1429 1437 1558 1468 domini
1590 1439 1748 1470 Ubertini
1780 1441 1823 1472 de
1855 1442 1920 1473 Ca-

87 1486 176 1518 raria
199 1493 233 1518 et
257 1487 410 1518 comunis
433 1487 602 1518 Pixarum.
648 1485 800 1518 Deinde·
825 1486 881 1518 die
904 1486 1064 1518 mercurii
1088 1496 1124 1518 Χῖ
1151 1487 1236 1519 dicti
1259 1489 1384 1520 mensis
1408 1489 1562 1521 dominus
1586 1491 1759 1532 Johannes
1782 1494 1922 1525 recessit

89 1540 133 1571 de
156 1540 323 1578 Ferraria,
347 1547 380 1571 et
403 1540 462 1571 ivit
484 1540 656 1572 Veronam
681 1540 725 1571 ad
748 1539 994 1580 parlamentum
1019 1550 1093 1570 cum
1119 1540 1257 1572 domino
1281 1541 1429 1573 Mastino
1454 1543 1552 1574 dictis
1576 1544 1618 1575 de
1644 1545 1762 1577 causis.

174 1592 306 1624 Eodem
324 1593 499 1624 millesimo
517 1593 559 1624 de
575 1602 690 1624 mense
709 1592 857 1624 octubris
865 1590 887 1624 ⁶.
911 1592 1071 1624 Predicta
1088 1593 1233 1624 societas
1250 1594 1551 1633 Theotonicorum‚
1566 1606 1706 1638 quorum
1724 1598 1921 1639 capitaneus

88 1651 159 1676 erat
182 1646 251 1677 dux
276 1644 507 1678 Guernerius⁷
532 1652 565 1677 et
588 1645 744 1677 dominus
768 1645 865 1677 St01⁸
888 1652 1056 1677 venerunt
1079 1646 1113 1676 in
1138 1652 1251 1687 partes
1268 1647 1498 1679 Romandiole
1522 1649 1556 1679 in
1585 1650 1741 1683 districtu
1764 1650 1921 1690 Arimini,

87 1697 145 1729 ubi
169 1699 351 1729 maximum
375 1698 523 1739 dapnum
548 1698 707 1729 fecerunt
731 1703 764 1728 et
788 1697 990 1729 occiderunt
1013 1698 1134 1730 multos
1158 1699 1313 1730 homines
1337 1706 1370 1730 et
1394 1700 1552 1732 mulieres
1577 1708 1640 1733 etc.

174 1750 305 1782 Eodem
330 1750 519 1789 millesimo,
533 1750 588 1782 die
612 1760 692 1781 v1111
717 1750 841 1782 mensis
865 1749 1024 1782 octubris.
1048 1751 1223 1792 Johannes
1246 1751 1332 1782 tilius
1350 1752 1477 1783 domini
1492 1753 1601 1785 Tadei
1625 1754 1668 1786 de
1685 1755 1823 1797 Pepulis
1841 1768 1917 1789 cum

87 1809 158 1835 toto
182 1813 282 1844 posse
304 1803 446 1835 recessit
469 1804 512 1835 de
537 1802 691 1834 Bononia
715 1813 791 1834 cum
814 1802 971 1841 trabacis,
997 1803 1125 1835 balistis
1149 1810 1182 1835 et
1203 1804 1276 1835 aliis
1299 1806 1521 1837 neccessariis
1544 1807 1578 1837 in
1602 1809 1767 1847 exercitu,
1793 1816 1826 1841 et
1849 1810 1920 1842 ive-

87 1861 164 1887 runt
188 1854 231 1886 ad
255 1856 441 1897 hospitium
464 1856 620 1888 Castrum
644 1856 753 1887 sancti
769 1855 887 1886 Petri⁹
912 1856 945 1886 in
970 1856 1131 1887 comitatu
1154 1857 1324 1894 Bononie3
1350 1857 1416 1889 alio
1442 1859 1497 1890 die
1521 1859 1653 1891 iverunt
1677 1861 1719 1891 ad
1736 1862 1919 1903 hospitium

86 1908 261 1946 Faventie‚
285 1907 343 1939 ubi
366 1914 530 1939 steterunt
554 1908 667 1949 plures
691 1908 774 1954 dies,
792 1914 825 1939 et
848 1908 882 1939 in
906 1908 971 1939 illis
989 1908 1108 1940 diebus
1132 1909 1205 1940 fieri
1230 1909 1388 1941 fecerunt
1411 1912 1592 1952 quamdam
1609 1912 1802 1945 fortiliciam
1819 1925 1919 1956 super

86 1961 210 1992 flumen
233 1959 358 1992 Am0ni
373 1959 395 1976 ¹⁰
420 1966 590 2002 tamquam
613 1960 792 1999 bastiliam‚
810 1961 844 1991 in
868 1970 935 2002 qua
957 1960 1150 1992 morabatur
1166 1961 1321 1992 dominus
1339 1962 1520 1994 Ghibertus
1545 1964 1588 1995 de
1612 1965 1766 1997 Folliano
1780 1966 1800 1984 ¹¹
1826 1968 1918 2008 capi-

175 2072 198 2090 2.
218 2067 279 2097 dopo
299 2066 442 2090 dominam
461 2066 521 2089 AB
538 2066 616 2091 MUR.
635 2065 729 2089 lacuna
748 2078 780 2083 —
800 2065 823 2090 6.
845 2067 915 2089 mari
927 2066 951 2089 A
972 2079 982 2083 -
1003 2067 1064 2096 dopo
1085 2073 1167 2097 usque
1187 2068 1215 2090 in
1234 2068 1258 2090 Α
1277 2075 1323 2091 rac
1340 2068 1479 2092 cancellato
1497 2077 1543 2093 con
1562 2078 1600 2093 un
1618 2072 1675 2102 rtjgo
1698 2086 1729 2090 —
1749 2073 1772 2098 8.
1793 2074 1916 2105 previdit

86 2107 109 2131 A
128 2121 159 2125 —
182 2115 220 2131 10.
240 2107 353 2132 fuerunt
370 2109 421 2131 etc.
441 2115 488 2132 om.
502 2108 579 2132 Mun.
596 2122 626 2126 —
650 2113 688 2138 15.
701 2108 764 2138 dopo
783 2108 944 2131 marchione
963 2108 988 2130 B
1006 2108 1082 2132 MUR.
1097 2116 1154 2139 agg.
1176 2110 1284 2133 estense
1303 2123 1334 2127 —
1357 2115 1395 2140 17.
1415 2112 1442 2134 et
1461 2119 1520 2142 agg.
1535 2112 1611 2136 Mun.
1626 2125 1658 2129 —
1675 2114 1715 2139 18.
1728 2114 1831 2138 Eodem
1852 2116 1915 2139 mil-

86 2148 198 2180 lesimo]
219 2149 262 2173 die
288 2149 364 2174 Mun.
392 2163 423 2166 —
452 2156 493 2181 24.
519 2149 603 2173 dictis
623 2150 656 2173 de
675 2149 777 2181 causis]
798 2149 881 2173 dictis
906 2149 939 2172 de
957 2148 1002 2173 c³?
1023 2150 1066 2176 A:
1084 2149 1166 2174 dictis
1185 2150 1217 2173 de
1237 2150 1352 2176 Cararia
1372 2152 1414 2179 B‚·
1434 2154 1461 2176 et
1481 2152 1564 2176 dictis
1590 2154 1624 2178 de
1644 2154 1761 2179 Cararia
1780 2156 1857 2180 Mun.
1885 2171 1916 2174 —

88 2191 128 2215 28.
149 2190 287 2222 octubris]
307 2191 472 2224 septembris
491 2191 615 2215 octobris
633 2191 675 2218 Β,-
694 2191 860 2222 septembris
878 2192 906 2214 et
919 2191 1042 2215 octobris
1062 2191 1153 2220 Mum
1167 2192 1247 2215 anche
1266 2194 1295 2215 in
1313 2194 1336 2216 A
1352 2195 1441 2223 prima
1460 2195 1533 2217 v'era
1546 2196 1710 2227 septembris
1719 2197 1767 2227 poi
1783 2199 1920 2222 cancellato

86 2239 130 2254 con
150 2240 186 2255 un
206 2233 262 2264 rigo
277 2246 308 2249 —
323 2239 363 2264 29.
377 2233 498 2257 trabucis
517 2233 595 2256 MUR.
611 2245 643 2249 —
656 2239 698 2263 32.
712 2232 817 2256 Amoni
829 2234 918 2255 scritto
933 2233 1144 2262 posteriormente
1163 2234 1191 2256 in
1210 2234 1233 2256 A
1254 2234 1322 2257 dallo
1341 2238 1415 2258 stesso
1435 2236 1529 2265 copista
1541 2243 1573 2259 su
1592 2236 1686 2260 lacuna

174 2309 181 2326 ¹
203 2311 336 2336 Caterina
353 2312 383 2335 di
401 2312 530 2336 Luchino
552 2312 688 2335 Visconti.
709 2310 754 2335 Cf.
768 2311 870 2341 erTA,
882 2311 971 2334 Fami-

79 2352 135 2383 glie
153 2353 273 2380 italiana,
292 2353 424 2384 Famiglt'a
443 2352 541 2377 d'Este.

170 2392 180 2408 '²
199 2394 313 2419 Simone
332 2395 360 2418 di
383 2394 509 2419 Coi-rado
529 2402 545 2418 a
564 2402 634 2427 capo
660 2394 689 2418 di
714 2402 768 2418 una
790 2394 922 2419 masnada
942 2395 971 2418 di

83 2442 134 2467 300
151 2435 251 2459 cavalli
268 2436 444 2460 unitamente
463 2437 491 2460 ai
511 2435 600 2460 nobili
619 2435 766 2459 fuorusciti
785 2436 972 2465 Anconitani,

54 2488 56 2495 ·
82 2477 131 2500 che
150 2476 177 2500 lo
196 2483 320 2501 avevano
340 2477 489 2506 assoldat0‚
505 2476 583 2500 tento
603 2477 632 2500 di
652 2477 785 2508 prendere
811 2477 837 2500 la
855 2475 925 2500 citt&
943 2477 970 2500 di

83 2518 200 2541 Ancona
220 2517 265 2541 nel
288 2524 363 2548 1343.
399 2516 443 2541 Cf.
463 2518 498 2542 A.
524 2517 659 2545 Pnssuzzr,
686 2517 775 2540 storia
801 2518 830 2539 di
853 2518 971 2543 Ancona,

83 2558 220 2590 Bologna,
242 2560 317 2590 1847,
337 2559 371 2588 11,
392 2563 433 2589 70.

170 2598 180 2614 ³
200 2600 347 2624 Malatesta
359 2600 494 2629 l’Antieo,
505 2600 581 2624 detto
595 2599 682 2624 anche
696 2601 716 2624 il
729 2599 972 2632 Guastafamig11a,

83 2641 156 2674 figlio
176 2641 205 2665 di
225 2641 362 2666 Pandolfo
382 2642 537 2672 Malatesta,
557 2643 668 2673 signore
687 2642 716 2666 di
735 2642 852 2666 Rimini.
888 2641 973 2674 Capi-

84 2684 150 2707 tano
163 2683 289 2714 generale
308 2683 351 2707 dei
370 2683 536 2713 Fiorentini,
551 2684 570 2706 il
592 2690 605 2706 2
611 2688 623 2713 5
646 2690 738 2707 marzo
762 2689 825 2715 1342
847 2681 919 2716 parti
938 2683 972 2707 da

83 2724 197 2748 Firenze
209 2731 264 2748 con
284 2731 321 2748 un
341 2724 455 2748 esercito
474 2731 621 2749 numeroso
641 2732 688 2757 per
707 2731 866 2749 soccorrere
883 2725 972 2749 Lucca

83 2764 219 2789 assediata
238 2765 283 2789 dai
296 2766 401 2794 Pisani,
416 2772 461 2790 rna
474 2773 530 2789 non
545 2763 631 2789 riusci
650 2765 695 2790 all'
704 2765 821 2798 impresa
835 2774 849 2790 e
862 2765 972 2790 ritorno

82 2814 99 2830 a
112 2807 225 2831 Firenze
237 2807 283 2831 nel
295 2808 410 2839 giugno.
447 2807 569 2837 Laonde,
583 2807 610 2830 di
624 2814 696 2840 poco
712 2808 809 2832 animo
821 2815 836 2832 e
849 2808 877 2832 di
890 2815 972 2832 meno

82 2847 217 2879 capacita,
236 2848 281 2880 gli>
300 2848 329 2872 fu
355 2849 425 2872 tolto
451 2849 472 2872 il
495 2849 631 2873 comando
658 2857 707 2881 per
731 2849 808 2874 darlo
836 2850 932 2874 invece
957 2857 972 2873 a

83 2890 221 2914 Gualtieri
241 2891 269 2914 di
289 2890 418 2920 Brienne,
437 2891 509 2914 duca
528 2890 557 2914 di
576 2891 676 2915 Atene.
713 2889 788 2915 Mori
808 2891 826 2915 il
854 2896 885 2921 27
905 2898 971 2922 ago-

81 2933 125 2956 sto
147 2931 220 2964 1364.
258 2933 310 2957 Per
329 2933 469 2964 maggior-i
488 2933 592 2957 notizie
616 2940 646 2957 su
665 2935 761 2964 questo
782 2934 887 2958 illustre
912 2940 971 2966 per-

243 3047 276 3072 T.
296 3047 356 3078 XV,
375 3054 402 3080 p.
422 3053 456 3071 111
477 3060 508 3064 —
529 3046 552 3072 8.

1023 2313 1169 2343 sonaggio,
1183 2311 1216 2336 cf.
1238 2313 1361 2342 Torum,
1374 2313 1480 2336 Rimz'ni
1497 2315 1567 2337 nella
1581 2315 1705 2346 Szssgnorz‘a
1717 2317 1755 2340 de'
1771 2318 1916 2347 Malatesti,

1024 2351 1071 2381 IV,
1091 2359 1137 2384 pp.
1157 2353 1285 2384 314-316,
1304 2353 1423 2384 Rimini,
1446 2355 1520 2379 1880.

1112 2392 1123 2407 ⁴
1143 2393 1159 2417 8
1178 2395 1334 2419 settembre.

1113 2434 1123 2449 ⁵
1145 2435 1287 2461 Gualtiero
1308 2436 1346 2460 VI
1364 2438 1394 2461 di
1415 2439 1538 2462 Brienne.
1560 2438 1603 2462 Cf.
1624 2440 1656 2464 C.
1669 2440 1770 2472 PAoLI,
1790 2442 1867 2465 Della
1880 2445 1914 2465 si-

1021 2478 1116 2507 gnorz'a
1136 2477 1179 2500 del
1196 2479 1270 2501 Dura
1284 2479 1406 2506 A’Atene,
1421 2479 1450 2503 in
1466 2479 1557 2504 Gz'orn.
1577 2483 1636 2504 stor.
1657 2482 1730 2512 degli
1747 2483 1825 2506 Arch.
1846 2487 1914 2511 lose„

1025 2517 1072 2546 VI,
1084 2519 1113 2542 81
1127 2525 1140 2541 e
1154 2519 1243 2542 Nzcovz‘
1255 2520 1402 2543 documenti
1414 2521 1517 2543 intorno
1530 2529 1545 2543 a
1561 2522 1697 2545 Gualtiero
1713 2523 1752 2546 Vl
1761 2524 1914 2548 diBrienne

1025 2560 1091 2582 duca
1110 2560 1221 2584 d’Atene
1240 2569 1252 2583 e
1268 2562 1371 2592 szgnore
1391 2562 1421 2585 di
1438 2562 1545 2585 Firenze
1565 2564 1594 2587 in
1607 2564 1686 2588 Atell.
1702 2564 1770 2588 Stor.
1785 2566 1859 2594 Ital„
1874 2574 1914 2591 se—

1026 2602 1065 2625 rie
1086 2601 1126 2633 3³⁴,
1146 2603 1202 2627 vol.
1223 2603 1297 2633 XVI,
1318 2611 1343 2635 p.
1365 2609 1405 2627 22.

1113 2641 1123 2657 ⁶
1144 2650 1157 2674 7
1177 2645 1300 2670 ottobre.
1320 2644 1364 2669 Cf.
1388 2644 1482 2668 Chron.
1506 2645 1620 2674 Caesen„
1635 2647 1690 2671 RR.
1710 2648 1743 2672 Il.
1765 2649 1827 2677 SS.,
1840 2649 1914 2675 XIV.

1113 2683 1122 2699 7
1144 2685 1294 2710 Guarnieri
1314 2686 1380 2710 duca
1400 2686 1429 2709 di
1449 2686 1606 2718 Urslingen.

1112 2726 1123 2743 8
1143 2726 1167 2750 O
1187 2727 1335 2758 piuttosto,
1355 2725 1441 2750 dovr&⁴
1460 2730 1639 2760 correggersi,
1654 2737 1734 2755 come
1749 2739 1822 2763 pare,
1838 2733 1914 2757 'rhor

1027 2766 1071 2798 [de
1090 2768 1224 2800 Panico]?

1113 2808 1123 2822 ⁹
1143 2809 1236 2834 Castel
1254 2810 1309 2834 San
1330 2810 1424 2834 Pietro
1444 2818 1460 2834 a
1482 2818 1510 2834 11
1532 2811 1580 2835 kil.
1600 2812 1674 2837 N-O.
1695 2813 1729 2838 da
1749 2814 1844 2840 Imola.

1104 2849 1125 2865 ¹⁰
1146 2851 1279 2875 Lamone.

1103 2891 1122 2907 ¹¹
1143 2892 1260 2917 Giberto
1279 2893 1309 2917 di
1328 2893 1445 2918 Niccolo
1459 2894 1587 2925 Fogliani
1608 2896 1715 2920 vicario
1729 2897 1870 2930 imperiale
1883 2900 1912 2924 in

1025 2934 1132 2966 Reggio
1153 2941 1200 2967 per
1217 2933 1360 2959 Lodovico
1374 2935 1393 2958 il
1413 2936 1519 2960 Bavaro
1533 2935 1578 2960 nel
1595 2941 1662 2969 1329
1680 2945 1694 2961 e
1706 2945 1756 2969 per
1769 2938 1911 2966 Giovanni

1946 2451 1975 2474 25

1943 2661 1976 2686 30

1942 2871 1972 2894 35

2001 355 2087 371 ῑ.9ἴ1)

1998 1505 2073 1527 luca..
2092 1506 2129 1523 wo
