2360 3603
96 554 114 585 5

76 819 113 849 10

75 1078 111 1110 15

67 1873 108 1902 30

67 2135 106 2167 35

140 221 224 255 [AA.
245 223 337 255 1337]
768 216 1079 253 CHRONICON
1107 216 1334 253 ESTENSE
1902 216 1972 252 109

139 354 215 375 cum
239 344 306 376 suis
329 345 447 377 amicis
471 345 692 377 adcesserunt
714 345 871 387 plateam,
895 344 1021 376 bellum
1045 344 1298 377 commictentes
1322 355 1399 376 cum
1424 343 1642 376 Brandalixio
1667 349 1701 376 et
1723 343 1792 375 suis
1815 343 1968 376 viriliter.

141 397 280 428 Interim
304 397 460 429 dominus
483 398 622 430 Tadeus
650 404 682 430 et
713 398 819 443 (jetra
844 397 886 429 de
910 397 1051 439 Pepulis
1074 397 1190 435 frates,
1214 397 1369 429 videntes
1394 398 1567 429 dominum
1591 397 1847 428 Brandelixium
1876 396 1973 439 quasi

138 449 316 489 victorem,
332 451 412 482 ficte
429 450 649 484 adcesserunt
671 451 820 493 plateam
837 460 953 482 coram
970 450 1109 482 domino
1125 450 1357 488 Brandalixio,
1375 450 1546 483 dicentes:
1567 449 1597 481 Ο
1612 450 1743 481 domine
1759 450 1975 491 Brandala'xi,

133 501 258 545 frater
279 503 458 544 carissime,
483 504 566 546 quid
586 508 635 535 est
656 503 741 535 lma?
764 503 847 545 quid
860 503 987 535 vultis?
1002 514 1059 534 vos
1074 503 1151 534 estzls·
1167 504 1334 535 dominus:
1358 513 1446 545 ergo
1469 503 1554 545 quid
1567 502 1737 545 queritis?
1750 503 1923 545 precz'pite
1944 503 1976 533 si

139 566 204 596 qua
228 556 336 597 vultis,
361 561 394 587 et
406 557 472 595 fiet.
518 557 618 588 Tunc
634 556 784 599 Jacobus
801 561 835 588 et
849 555 1025 598 Johannes
1048 556 1109 587 filii
1125 555 1253 587 domini
1270 556 1392 599 Tadey
1409 556 1453 588 de
1475 555 1615 597 Pepulis
1631 561 1759 587 armata
1782 566 1884 586 manu
1900 566 1977 587 cum

139 608 249 640 multis
266 609 381 641 amicis
397 610 618 641 adcesserunt
632 610 790 651 plateam,
807 609 959 641 volentes
975 608 1112 650 preliari
1130 619 1206 640 cum
1222 608 1360 640 domino
1376 608 1606 640 Brandalixio.
1638 609 1803 640 Dominus
1827 608 1976 647 Tadeus,

138 661 258 693 videns
275 662 353 701 hoc,
372 663 457 694 dixit
479 662 617 694 domino
633 661 867 694 Brandalixio:
885 661 1039 702 Domine,
1057 661 1158 693 nolite
1181 662 1299 693 timere
1306 674 1318 702 ;
1342 668 1376 693 et
1391 662 1522 693 vadens
1539 667 1659 692 contra
1683 661 1769 692 filios
1793 671 1870 693 suos
1893 660 1977 692 dixit

139 713 201 745 eis:
229 713 259 745 O
278 715 345 754 filii
365 715 540 756 carzlssimi,
572 715 737 746 recedatis
767 715 898 746 domum
928 714 1050 754 statim,
1088 719 1120 745 et
1150 714 1326 756 deponatis
1356 725 1462 753 arma,
1496 714 1575 756 quia
1605 724 1662 744 nos
1692 714 1884 756 dirigemus
1912 714 1977 744 tale

138 767 330 808 negotizmm
354 773 388 799 et
415 768 464 799 sic
496 768 664 799 fecerunt.
710 767 876 799 Dominus
906 767 1046 798 Tadeus
1077 772 1111 798 et
1141 767 1249 811 Gerra
1279 766 1487 798 sotiaverunt
1517 766 1694 798 dominum
1721 764 1977 798 Brandalixium

138 829 244 861 usque
268 820 405 852 domum
428 820 644 862 proferentes
667 820 699 852 ei
723 820 847 857 omnia,
872 830 936 861 que
961 824 1137 860 poterant;
1162 825 1196 851 et
1218 820 1268 850 sic
1291 819 1451 851 fecerunt
1481 819 1512 849 ei
1535 818 1663 860 deponi
1686 829 1790 850 arma.
1837 819 1977 850 Interim

137 871 188 902 illi
214 871 257 903 de
280 872 448 911 Lolliano,
473 872 531 914 qui
553 877 686 914 partem
710 871 875 903 fovebant
898 871 1111 903 dominorum
1134 871 1178 902 de
1202 870 1343 912 Pepulis
1360 881 1436 902 cum
1452 871 1521 902 suis
1545 871 1664 902 amicis
1681 871 1887 902 accedentes
1909 871 1975 902 Bo-

138 925 274 955 noniam
305 935 373 956 una
404 935 480 956 cum
510 925 672 957 Blanchis
703 930 736 956 et
766 924 941 956 Bentivois
976 929 1010 955 et
1044 923 1164 955 amicis
1188 933 1315 961 eorum,
1340 933 1417 954 cum
1445 923 1524 966 igne
1558 930 1732 955 currentes
1763 924 1808 955 ad
1839 924 1977 955 domum

137 976 267 1008 domini
290 977 510 1016 Brandalixii,
540 979 656 1020 ignem
687 977 861 1015 miserunt,
886 982 919 1007 et
950 976 1062 1008 omnia
1097 975 1363 1014 derobaverunt,
1399 982 1433 1008 et
1457 976 1703 1017 dispoxuerunt
1736 977 1781 1007 ad
1809 977 1972 1018 predam:

139 1037 204 1068 que
222 1028 334 1060 omnia
349 1028 471 1060 videns
494 1028 649 1059 dominus
665 1026 916 1065 Brandalixius,
940 1026 1077 1058 fortiter
1104 1026 1215 1058 timuit
1238 1032 1272 1058 et
1294 1027 1411 1069 fugam
1430 1027 1578 1068 adripuit
1603 1032 1697 1058 extra
1722 1027 1915 1064 civitatem3
1941 1033 1975 1059 et

137 1090 319 1122 numquam
342 1080 474 1118 redivit,
500 1086 533 1112 et
556 1080 604 1112 sic
622 1079 858 1112 Bononienses
881 1079 1126 1121 requieverunt
1148 1079 1311 1120 pacifice3
1336 1085 1449 1110 tamen
1474 1079 1632 1110 dominus
1656 1079 1795 1111 Tadeus
1820 1079 1974 1111 domina-

136 1132 235 1164 batur
259 1132 410 1165 civitati¹
441 1139 505 1165 etc.

222 1186 355 1217 Eodem
377 1186 557 1217 millesimo
581 1195 655 1216 xxv
677 1185 759 1228 julii.
805 1185 971 1217 Dominus
994 1185 1147 1216 marchio
1171 1184 1281 1227 Obico
1314 1184 1454 1216 estensis
1485 1184 1625 1216 recessit
1649 1185 1692 1216 de
1717 1185 1876 1217 Ferraria
1900 1195 1976 1216 cum

135 1238 329 1270 honorabili
354 1239 520 1276 sotietate,
546 1244 580 1270 et
610 1238 671 1270 ivit
695 1237 739 1269 ad
769 1238 1019 1280 parlamentum
1056 1247 1132 1269 cum
1168 1237 1308 1269 domino
1340 1237 1484 1280 Accone
1508 1237 1724 1269 Vicecomite
1754 1238 1800 1269 ad
1831 1244 1977 1270 castrum

133 1291 251 1323 Pontis
274 1291 356 1334 vigi.

220 1344 353 1376 Eodem
376 1344 555 1376 millesimo
580 1344 636 1376 die
660 1354 703 1375 111
728 1344 850 1375 mensis
874 1343 1018 1386 augusti.
1065 1343 1232 1375 Dominus
1255 1342 1375 1375 Petrus
1399 1343 1541 1375 Rubeus
1557 1344 1600 1375 de
1625 1343 1758 1381 Parma,
1776 1344 1975 1385 capitaneus

131 1406 253 1439 guerre
277 1397 378 1429 totius
401 1397 569 1429 exercitus
600 1397 873 1429 Florentinorum
902 1402 935 1428 et
965 1397 1190 1435 Venetorum,
1215 1396 1353 1428 intravit
1382 1396 1536 1428 Paduam
1565 1408 1642 1429 cum
1674 1397 1742 1428 suis
1772 1407 1834 1439 pro
1866 1397 1974 1428 tradi-

133 1455 259 1487 mento,
283 1450 362 1491 quia
387 1450 544 1482 dominus
568 1449 742 1481 Marsilius
766 1456 800 1481 et
824 1449 979 1481 dominus
996 1449 1181 1481 Ubertinus
1205 1449 1249 1481 de
1277 1449 1418 1481 Cararia
1442 1450 1537 1491 prius
1564 1449 1778 1482 tradiderant
1802 1450 1974 1481 civitatem

135 1501 282 1535 dominis
306 1503 348 1534 de
371 1503 405 1534 la
429 1503 530 1535 Scala
555 1503 597 1535 de
622 1503 780 1540 Verona;
804 1509 925 1544 postea
957 1503 1203 1544 dispoxuerunt
1236 1513 1305 1542 eos,
1336 1509 1370 1535 et
1401 1503 1614 1535 tradiderunt
1647 1503 1775 1536 dictam
1803 1504 1976 1535 civitatem

133 1553 251 1587 Padue
274 1556 413 1587 domino
437 1556 539 1588 Petro
564 1556 753 1593 antedicto3
779 1562 813 1587 et
836 1562 955 1598 captus
979 1556 1043 1586 fuit
1075 1555 1232 1587 dominus
1255 1555 1420 1588 Albertus
1444 1557 1488 1588 de
1512 1555 1544 1587 la
1571 1555 1674 1588 Scala
1697 1567 1773 1588 cum
1798 1556 1865 1587 suis
1888 1555 1976 1586 mili-

133 1607 221 1639 tibus
234 1614 267 1640 et
290 1609 425 1640 famulis
442 1615 474 1641 et
491 1609 654 1641 miserunt
671 1619 786 1641 omnes
802 1609 838 1640 in
855 1608 1048 1640 carceribus
1064 1609 1286 1646 Venetorum,
1303 1608 1362 1640 ubi
1377 1614 1544 1641 steterunt
1559 1609 1742 1640 maximum
1759 1615 1893 1651 tempus
1910 1614 1974 1640 ete.

221 1661 353 1693 Eodem
377 1662 556 1693 millesimo
581 1661 636 1693 die
660 1671 698 1692 XI
723 1661 848 1694 mensis
871 1661 1015 1704 augusti.
1061 1661 1226 1694 Dominus
1249 1661 1372 1693 Petrus
1402 1661 1547 1693 Rubeus
1577 1662 1772 1694 antedictus
1803 1672 1880 1694 cum
1903 1667 1974 1693 toto

135 1714 287 1745 exercitu
311 1720 345 1745 et
369 1715 514 1746 maxima
538 1715 725 1756 quantitate
749 1714 1000 1751 paduanorum,
1025 1715 1161 1746 iverunt
1184 1720 1332 1746 castrum
1354 1714 1482 1746 Montis
1498 1714 1601 1746 silicis
1623 1714 1658 1746 in
1683 1714 1838 1747 districtu
1854 1713 1973 1746 Padue

132 1767 168 1797 in
192 1766 382 1804 obsidione,
407 1767 500 1809 quod
524 1767 687 1799 tenebant
710 1767 842 1799 domini
874 1767 918 1798 de
942 1767 975 1798 la
999 1767 1111 1799 Scala„
1159 1766 1250 1809 Sepe
1282 1766 1517 1809 preliabantur
1547 1766 1592 1798 ad
1622 1767 1771 1799 invicem
1780 1779 1789 1805 ;
1825 1767 1973 1810 quadam

134 1825 246 1850 autem
271 1820 328 1852 die
352 1821 548 1851 vulneratus
571 1820 637 1851 fuit
659 1820 694 1851 in
718 1820 808 1861 pede
838 1831 917 1852 cum
946 1820 1066 1852 lancea
1098 1820 1209 1851 dictus
1241 1819 1398 1852 dominus
1428 1819 1549 1852 Petrus
1581 1820 1733 1858 Rubeus,
1766 1826 1975 1863 quapropter

133 1872 273 1903 admixit
296 1873 464 1914 spiritum,
491 1879 525 1904 et
548 1872 613 1904 fuit
636 1873 787 1914 sepultus
810 1873 845 1904 in
871 1873 992 1905 Padua
1014 1873 1059 1904 ad
1075 1873 1189 1904 locum
1205 1872 1348 1904 fratrum
1371 1872 1554 1904 Minox-um.
1601 1873 1716 1905 Etiam
1740 1872 1976 1915 eodemsmen—

131 1934 167 1956 se
191 1924 276 1957 obiit
298 1925 333 1956 in
356 1926 474 1957 Padua
498 1925 653 1957 dominus
679 1925 853 1957 Marsilius
876 1925 1020 1957 Rubeus
1044 1925 1153 1957 frater
1177 1925 1263 1957 dicti
1281 1925 1409 1957 domini
1426 1925 1528 1964 Petri,
1555 1931 1588 1957 et
1603 1926 1756 1968 sepultus
1773 1931 1824 1958 est
1840 1926 1886 1958 ad
1903 1926 1975 1957 dic-

132 1982 201 2008 tum
225 1978 338 2009 locum
365 1984 431 2010 etc.

219 2030 350 2063 Eodem
374 2031 551 2064 millesimo
575 2032 630 2063 die
656 2041 772 2063 xxvm
797 2031 923 2063 mensis
947 2031 1093 2075 augusti.
1117 2031 1286 2063 Dominus
1303 2031 1446 2064 Tadeus
1463 2032 1506 2064 de
1522 2031 1686 2074 Peppolis
1704 2032 1908 2064 constitutus
1925 2037 1975 2063 est

132 2081 289 2115 dominus
313 2084 462 2116 civitatis
485 2083 653 2116 Bononie.

219 2137 351 2169 Eodem
365 2137 542 2169 millesimo
560 2138 618 2169 die
634 2147 658 2168 x
674 2138 799 2169 mensis
816 2137 975 2169 octubris.
992 2138 1157 2169 Dominus
1172 2136 1269 2180 Acco
1286 2137 1490 2169 vicecomes
1501 2137 1620 2169 habuit
1637 2138 1811 2170 civitatem
1823 2139 1974 2182 Bryssie,

72 2217 73 2220 ,
132 2200 232 2231 quam
257 2190 458 2222 obtinebant
482 2190 609 2222 domini
634 2191 678 2222 de
702 2191 735 2222 la
751 2190 864 2229 Scala,
881 2197 916 2222 et
940 2191 1158 2232 expulserunt
1182 2197 1277 2221 extra
1293 2190 1464 2223 civitatem
1482 2191 1657 2222 dominum
1673 2192 1863 2224 Bonectum
1882 2192 1974 2234 capi-

66 2401 107 2431 40

68 2931 69 2936 ,
85 2912 97 2941 5

130 2248 266 2274 taneum
290 2253 412 2285 guerre
436 2243 482 2275 ibi
498 2254 561 2285 pro
586 2244 731 2275 dominis
754 2244 936 2275 antedictis
953 2254 1029 2275 cum
1047 2243 1204 2275 omnibus
1227 2244 1311 2280 suis;
1338 2250 1371 2276 et
1388 2244 1541 2276 similiter
1556 2244 1676 2276 habuit
1700 2245 1858 2277 dominus
1874 2246 1973 2288 Acco

131 2296 245 2327 omnia
269 2297 336 2327 alia
359 2302 392 2327 et
414 2296 569 2328 fortilitia
593 2296 636 2328 de
662 2296 817 2328 districtu
840 2297 988 2339 Bryssie‚
1006 2303 1151 2338 excepto
1177 2302 1297 2335 castro,
1316 2297 1409 2339 quod
1433 2303 1484 2328 est
1507 2308 1609 2339 supra
1635 2298 1763 2329 dictam
1788 2298 1970 2330 civitatem.

218 2348 348 2380 Eodem
372 2349 551 2381 millesimo
575 2359 613 2380 XI
636 2349 762 2381 mensis
789 2349 984 2381 novembris
1007 2349 1043 2380 in
1068 2349 1159 2381 festo
1183 2349 1291 2380 sancti
1314 2349 1465 2381 Martini.
1490 2350 1656 2382 Dominus
1680 2351 1835 2383 marchio
1861 2351 1973 2394 Obico

131 2400 471 2443 §SteQSiS'sdff—issorssvst
492 2402 614 2444 militia
627 2401 637 2417 ‘²
662 2401 836 2433 dominum
851 2401 989 2434 Partem
1006 2402 1049 2433 de
1067 2401 1263 2434 Ghixileriis
1282 2402 1326 2433 de
1343 2402 1498 2434 Bononia
1513 2402 1548 2433 in
1565 2403 1732 2440 Ferraria,
1748 2403 1805 2435 ubi
1823 2404 1970 2435 maxima

131 2453 224 2485 curia
241 2454 336 2486 facta
359 2461 420 2486 est.

153 2507 551 2546 ‹2112Eqdq1nlmillesimo
577 2508 992 2548 et.mense.jRestitutum
1017 2507 1083 2539 fuit
1099 2514 1245 2540 castrum
1265 2508 1402 2551 Bryssie
1427 2508 1565 2541 domino
1589 2508 1725 2552 Acconi
1749 2510 1970 2549 Vicecomiti‚

132 2560 224 2601 quod
247 2560 468 2602 possidebant
492 2561 622 2592 domini
646 2561 689 2592 de
715 2561 747 2592 la
771 2561 883 2593 Scala.

182 2684 185 2686 ’
223 2694 246 2712 1.
264 2686 473 2722 committantes
493 2688 572 2714 MUR.
588 2703 617 2706 -
640 2695 664 2720 5.
682 2695 736 2721 qua
754 2689 852 2721 vultis]
878 2690 945 2722 quid
964 2690 1049 2714 vultis
1069 2690 1146 2715 MUR.
1168 2703 1199 2708 -—
1222 2690 1262 2715 16.
1281 2692 1391 2716 civitati
1415 2693 1509 2721 Mun.-
1528 2692 1606 2717 civit.
1623 2693 1647 2716 A
1669 2706 1701 2710 -
1721 2700 1762 2717 21.
1783 2693 1970 2725 Venetorum]

131 2730 229 2754 Venet.
241 2730 279 2753 Α
288 2737 319 2747 ‘-
334 2730 375 2760 25‘.
388 2729 477 2754 famul
493 2730 539 2757 A
555 2729 635 2755 famil
654 2730 697 2758 Β,-
710 2730 897 2756 familiaribus
910 2731 988 2757 Mun.
1003 2746 1034 2749 —
1049 2739 1091 2764 33.
1105 2733 1148 2756 nel
1167 2740 1286 2764 margme
1304 2733 1411 2757 sznistro
1431 2735 1461 2757 dt
1478 2735 1501 2757 A
1515 2735 1550 2759 D.
1564 2734 1674 2758 Tadeus
1694 2735 1727 2758 de
1740 2735 1852 2766 Pepolis
1865 2737 1973 2760 consti-

133 2760 208 2795 {utus
232 2773 274 2795 est
294 2767 423 2805 dominus
438 2762 564 2796 Bononia
584 2784 616 2789 ——-
635 2773 676 2804 38.
696 2771 797 2810 supra]
813 2780 894 2804 super
912 2773 992 2798 Mmz.
1012 2787 1043 2790 —
1064 2781 1106 2806 39.
1125 2774 1222 2798 eodem
1247 2775 1393 2799 millesimo
1412 2783 1458 2799 om.
1481 2776 1559 2800 MUR.
1579 2789 1611 2793 —
1632 2782 1674 2807 40.
1694 2776 1805 2807 militia]
1826 2777 1908 2801 milit.
1928 2778 1971 2804 A,

132 2808 234 2837 maxses
252 2802 284 2836 Β
293 2803 373 2837 Mun.
393 2826 404 2830 -
423 2814 470 2837 ubi
489 2809 579 2836 maneri
600 2815 627 2837 in
647 2812 672 2837 B
690 2808 769 2839 Mun.
789 2827 820 2831 ——
835 2821 877 2846 42.
896 2815 1045 2839 millesimo
1063 2817 1095 2839 et
1113 2824 1161 2840 om
1181 2816 1260 2841 Mun.
1280 2829 1311 2834 —
1332 2823 1373 2849 43.
1393 2817 1555 2848 possidebat
1573 2818 1597 2841 A

192 2895 195 2899 s
216 2900 339 2932 ¹⁷Vedasi
352 2895 430 2932 P-atto
443 2893 985 2948 dellaoleziori‘edinidde,o4clpi31J2cpoli
1003 2918 1019 2935 a
1073 2911 1128 2933 Dal
1150 2911 1261 2934 Comum·
1280 2911 1334 2934 alla
1354 2912 1490 2943 Szguorz‘a,
1504 2912 1637 2945 Bologna‚
1661 2914 1764 2945 189S,p.
1785 2913 1843 2943 216,
1863 2915 1926 2938 doc.
1946 2920 1968 2945 5.

127 2950 245 2983 Signore
255 2951 284 2974 di
296 2951 419 2983 Bologna
432 2951 477 2984 (29
488 2954 586 2984 agosto
601 2952 677 2984 1337)
691 2953 720 2977 in
735 2951 847 2978 Νιουιὸ
861 2954 1018 2984 Κουοιιοο,
1161 2952 1171 2968 ‘²
1190 2953 1293 2978 Militia
1313 2955 1394 2979 decor.
1414 2954 1428 2980 ὲ
1447 2955 1521 2980 frase
1540 2964 1656 2981 comune
1676 2957 1700 2981 al
1714 2958 1812 2982 nostro
1831 2957 1969 2983 scrittore.

2067 1675 2134 1693 .0!⁷
