2360 3603
215 1180 287 1201 Mun..
303 1186 341 1203 «139

235 1716 255 1731 c.
269 1712 306 1730 116
317 1717 328 1729 r

399 256 470 291 150

1013 249 1327 285 CHRONICON
1358 248 1587 283 ESTENSE
2047 252 2099 286 [A.
2122 251 2213 285 1347]

393 387 572 417 micterent
590 385 634 415 ad
650 383 809 414 invicem.
834 380 959 412 Comes
975 381 1077 422 elegit
1090 380 1305 421 capitaneum
1322 390 1445 421 guerre
1463 379 1638 410 dominum
1655 379 1874 409 Franciscum
1892 377 1935 408 de
1953 377 2149 408 Malavoltis
2166 377 2209 408 de

391 438 511 473 Senis3
531 436 685 467 dominus
700 435 874 476 Johannes
889 434 993 475 elegit
1011 432 1183 464 dominum
1201 432 1391 473 Johannem
1406 432 1449 462 de
1467 431 1660 462 Manfredis
1676 431 1718 461 de
1737 430 1860 471 Regio,
1876 430 1933 471 qui
1951 429 2017 460 duo
2041 429 2211 470 capitanei

394 496 490 522 erant
513 489 636 519 milites
661 493 695 518 et
718 487 796 517 sotii
821 486 947 517 domini
972 485 1177 516 marchionis
1201 484 1364 525 Obiconis
1388 484 1528 514 estensis
1551 490 1616 514 etc.

483 541 612 572 Eodem
636 539 823 575 millesimo,
850 538 906 569 die
924 538 990 569 νιιο
1007 537 1130 568 mensis
1145 537 1229 574 iulii,
1247 537 1343 568 facta
1360 543 1412 568 est
1429 547 1495 577 pax
1519 537 1606 567 inter
1622 536 1780 567 comitem
1797 534 2036 573 Romandiole,
2053 541 2088 566 et
2105 535 2211 566 domi-

395 606 473 626 num
497 595 690 636 Johannem
714 592 915 632 predictum.
962 591 1062 621 Tunc
1080 590 1236 621 dominus
1252 590 1428 631 Johannes
1444 589 1505 620 ivit
1522 589 1739 623 Favenciam,
1753 587 1806 619 cui
1824 587 1957 619 obviam
1981 587 2042 618 ivit
2059 587 2215 618 dominus

394 647 568 689 Johannes
595 644 807 686 Albergetini
832 649 978 684 potestas
1003 642 1181 678 Faventie,
1213 648 1246 672 et
1269 641 1325 672 alii
1349 641 1482 673 nobiles
1513 641 1555 672 de
1579 642 1779 682 volunptate
1803 640 1952 677 Comitis,
1977 646 2010 671 et
2041 639 2216 671 conduxe-

396 706 473 730 runt
497 698 672 730 dominum
689 697 881 739 Johannem
905 697 948 727 de
972 694 1167 726 Manfredis
1191 694 1234 725 ad
1251 695 1387 726 domum
1414 694 1541 725 domini
1566 693 1716 730 Comitis,
1741 693 1798 734 qui
1823 693 2003 724 honoravit
2027 703 2100 724 eum
2119 692 2216 729 satis3

401 758 433 783 et
456 751 505 782 sic
532 751 624 782 tacta
648 755 699 781 est
722 760 789 790 pax
813 749 902 780 inter
924 749 1016 789 ipsos
1040 753 1105 779 etc.

483 804 615 835 Eodem
639 802 816 833 millesimo
833 808 867 832 et
882 811 1008 832 mense.
1054 800 1147 843 Ignis
1170 800 1333 831 maximus
1350 800 1415 831 fuit
1438 801 1473 830 in
1498 800 1635 831 civitate
1652 800 1783 831 Mutine
1801 799 1837 830 in
1860 804 2016 830 contrata
2032 798 2162 836 maiori,
2186 803 2220 829 et

397 856 655 889 comburserunt
678 855 800 886 multas
822 855 986 886 stationes
1010 864 1114 896 usque
1132 858 1323 884 contratam
1348 853 1615 894 Campanarum:
1641 863 1746 894 quare
1763 852 1947 883 maximum
1964 852 2114 892 dapnum
2139 861 2220 882 con-

400 916 553 942 secutum
578 914 638 940 est.
654 908 674 939 ¹.

484 962 615 993 Eodem
640 959 819 991 millesimo
844 965 877 992 et
901 969 1028 991 mense.
1074 959 1238 990 Dominus
1255 959 1403 990 Karolus
1418 969 1478 990 rex
1502 958 1642 990 Boemie
1664 958 1840 999 predictus
1856 957 1997 989 recessit
2014 957 2056 988 de
2081 956 2220 988 civitate

401 1015 533 1051 Trenti‚
557 1019 590 1045 et
613 1014 785 1055 ingressus
809 1019 858 1044 est
883 1012 1054 1044 civitatem
1079 1011 1185 1043 Feltri
1210 1017 1275 1043 etc.

486 1066 618 1098 Eodem
640 1065 821 1097 millesimo
847 1071 879 1096 et
911 1075 1026 1096 mense
1044 1064 1130 1106 julii.
1178 1065 1364 1096 Niccolaus
1388 1064 1541 1096 tribunus
1566 1065 1743 1096 Romanus
1767 1063 1893 1094 direxit
1917 1062 2102 1094 exercitum
2127 1072 2222 1092 suum

398 1122 491 1153 circa
516 1121 687 1151 civitatem
706 1118 855 1150 Viterbii
873 1119 907 1149 in
925 1118 1114 1154 obsidione,
1130 1119 1355 1159 precepitque
1372 1119 1532 1159 prefecto
1550 1117 1699 1149 Viterbii
1714 1116 1735 1154 ²,
1753 1117 1844 1158 quod
1868 1117 1960 1147 infra
1977 1115 2112 1147 tertium
2131 1115 2221 1146 diem

403 1184 519 1205 coram
534 1175 610 1214 ipso
635 1172 818 1203 accederet
835 1171 896 1203 sub
913 1172 1060 1203 maxima
1077 1181 1166 1212 pena
1183 1181 1330 1212 persone
1346 1183 1353 1207 ;
1371 1177 1404 1202 et
1421 1171 1447 1202 si
1466 1171 1633 1202 obediens
1651 1180 1717 1201 non
1736 1176 1825 1200 esset
1838 1168 2043 1200 rema'nebat
2059 1168 2092 1199 in
2111 1168 2224 1209 bapno

405 1226 558 1258 comunis
574 1226 701 1259 Rome;
727 1231 760 1255 et
776 1224 803 1255 si
827 1225 903 1266 quis
927 1223 1104 1255 occideret
1126 1234 1212 1262 eum,
1239 1223 1381 1255 haberet
1404 1235 1423 1254 a
1449 1223 1584 1255 comuni
1616 1232 1756 1254 romano
1784 1222 1888 1254 libras
1912 1231 1939 1252 M
1963 1220 2224 1252 Peruxinorum.

405 1280 489 1310 Item
520 1278 677 1320 precepit
708 1277 863 1309 omnibus
895 1277 1253 1315 circumadstantibus‚
1285 1284 1321 1308 ut
1353 1277 1417 1309 sibi
1448 1276 1580 1308 obediri
1612 1276 1787 1307 deberent.
1834 1276 1920 1306 Item
1944 1274 2116 1306 carcerari
2141 1273 2228 1305 fecit

403 1332 577 1363 dominum
600 1331 807 1374 Cordanum,
832 1335 867 1361 et
897 1330 1068 1361 dominum
1094 1330 1312 1372 Raynaldum
1337 1329 1380 1361 de
1406 1329 1549 1369 Ursinis,
1574 1329 1746 1370 imputans
1770 1328 1820 1359 eis
1842 1327 2086 1359 tradimentum
2113 1336 2228 1357 comu-

401 1384 453 1415 nis
476 1384 600 1421 Rome,
625 1388 659 1413 et
675 1383 776 1414 etiarn
795 1383 946 1414 Zechum
969 1382 1074 1424 janis‚
1092 1388 1125 1413 et
1142 1382 1252 1413 filium
1269 1382 1341 1413 eius
1365 1381 1508 1413 Paulum
1525 1381 1713 1423 Capocium
1738 1386 1772 1411 et
1794 1380 1940 1422 Bucium
1965 1380 2169 1415 Romanum,
2193 1384 2227 1410 et

403 1447 461 1468 eos
484 1435 716 1477 condepnavit
738 1436 774 1466 in
797 1439 882 1466 11110‘
904 1435 1010 1466 millia
1033 1435 1259 1471 florenoruuu
1286 1433 1440 1466 Checum
1465 1440 1499 1466 et
1522 1434 1625 1465 filium
1651 1443 1733 1464 vero
1756 1434 1801 1464 ad
1824 1439 1966 1464 mortem
1991 1442 2053 1473 pro
2076 1431 2228 1463 falsitate

401 1490 436 1520 in
467 1495 622 1530 tempore
646 1489 780 1530 elapso;
806 1495 839 1520 et
864 1488 1045 1520 derobavit
1068 1488 1116 1519 eis
1146 1488 1328 1530 pecuniam
1352 1487 1655 1523 innumerabilem;
1682 1492 1716 1518 et
1741 1496 1859 1517 omnes
1884 1484 2125 1517 derobationes
2148 1494 2227 1525 par-

403 1542 571 1584 ticipabat
594 1552 670 1573 cum
694 1541 828 1583 Populo
852 1552 1004 1579 romano,
1029 1547 1062 1573 et
1076 1540 1273 1573 destruebat
1297 1541 1443 1577 nobiles3
1468 1540 1623 1572 solvebat
1648 1540 1739 1572 enim
1764 1539 1921 1582 gentibus
1947 1538 2070 1580 Populi
2100 1537 2228 1578 stipen-

403 1595 507 1631 dium,
524 1595 603 1637 quia
619 1605 685 1626 non
703 1594 898 1626 confidebat
913 1595 956 1625 de
975 1595 1050 1625 aliis
1066 1594 1311 1635 stipendiariis,
1328 1594 1392 1624 nisi
1409 1594 1531 1635 Populi
1554 1593 1605 1624 sui
1623 1592 1767 1634 proprii.
1806 1590 1957 1628 Quando
1973 1600 2036 1633 per
2053 1590 2228 1621 civitatem

403 1648 579 1689 equitabat
603 1658 719 1679 coram
743 1649 818 1689 ipso
843 1648 980 1679 deferre
1004 1647 1158 1679 faciebat
1182 1657 1295 1679 ensem
1318 1647 1461 1682 iustitie:
1480 1652 1514 1678 et
1537 1646 1699 1677 vexillum
1716 1645 1841 1686 Populi
1865 1655 1967 1686 super
1984 1643 2098 1685 capite
2122 1642 2229 1674 domi-

404 1701 501 1731 celli'
526 1701 599 1732 eius
623 1700 842 1737 deferebant;
866 1701 1046 1742 pecuniam
1063 1700 1249 1742 aliquando
1266 1700 1484 1742 proiciebant
1508 1700 1596 1731 inter
1612 1699 1787 1740 populum,
1804 1704 1839 1729 et
1862 1698 1929 1728 alia
1945 1696 2140 1738 turpissima
2162 1702 2229 1727 etc.

491 1753 622 1785 Eodem
639 1753 819 1785 millesimo
837 1763 1006 1785 ccchvn
1019 1759 1053 1785 et
1064 1763 1180 1784 mense
1197 1753 1281 1784 iulii.
1310 1752 1460 1784 Maxima
1472 1762 1598 1794 guerra
1611 1757 1684 1783 erat
1701 1751 1791 1782 inter
1808 1750 1981 1782 dominum
1995 1749 2229 1780 marchionem

405 1806 635 1837 Montisferati
661 1812 694 1837 et
717 1807 908 1848 principem
933 1807 975 1837 de
999 1807 1031 1837 la
1057 1806 1189 1837 Morea.
1235 1806 1403 1837 Dominus
1418 1805 1595 1837 Luchinus
1611 1804 1816 1836 Vicecomes
1832 1803 1973 1834 fovebat
1989 1808 2120 1844 partem
2146 1801 2230 1833 dicti

406 1858 634 1895 Mai-chionis;
653 1869 768 1891 comes
791 1859 976 1897 Sabzmdie,
1002 1860 1071 1891 dux
1095 1859 1281 1901 Burgonie,
1300 1869 1414 1890 comes
1430 1859 1548 1902 (jenee
1564 1857 1731 1889 fovebant
1747 1863 1878 1898 partem
1897 1855 2030 1887 domini
2047 1854 2229 1896 Principis.

405 1912 521 1950 Quare
546 1913 701 1944 dominus
725 1912 884 1944 Marchio
910 1913 1132 1956 congregavit
1156 1912 1343 1943 exercitum
1367 1922 1463 1943 suum
1487 1922 1562 1943 cum
1594 1911 1718 1942 auxilio
1750 1910 1879 1941 domini
1904 1908 2063 1945 Lucffini,
2087 1914 2120 1940 et
2135 1907 2229 1939 ordi-

405 1966 498 1996 navit
522 1966 613 1997 acies
636 1977 727 2003 suas3
759 1977 802 1997 ex
835 1967 903 1997 alia
926 1973 1022 2007 parte
1047 1966 1214 2006 Princeps
1238 1976 1316 1997 cum
1340 1965 1414 1996 aliis
1437 1964 1644 2006 supradictis
1669 1963 1894 2006 congregavit
1917 1973 2012 1993 suum
2029 1971 2129 2003 posse
2146 1971 2229 2002 gen-

406 2018 500 2054 tium,
525 2026 558 2050 et
581 2019 809 2060 personaliter
832 2019 980 2051 adcessit
1002 2018 1049 2050 ibi
1075 2029 1189 2051 comes
1214 2018 1403 2054 Sabaudie;
1429 2024 1462 2049 et
1486 2018 1536 2049 sic
1553 2017 1719 2048 ordinatis
1743 2016 1882 2047 aciebus
1907 2025 1949 2046 ex
1967 2021 2108 2056 utraque
2133 2019 2230 2056 parte

406 2071 440 2101 in
464 2073 613 2102 maxima
637 2072 822 2114 quantitate
853 2073 1018 2115 gentium,
1049 2072 1199 2114 equitum
1229 2078 1262 2103 et
1293 2071 1459 2112 peditum,
1483 2070 1528 2102 ad
1552 2069 1677 2102 bellum
1710 2070 1935 2100 adcesserunt
1959 2078 2061 2109 super
2096 2076 2229 2108 campo.

406 2124 506 2155 Tunc
530 2125 575 2156 ad
597 2126 745 2156 invicem
771 2125 896 2156 bellum
925 2125 1065 2157 crudele
1090 2125 1361 2161 commisserunt,
1377 2130 1410 2155 et
1425 2124 1548 2155 mortui
1565 2130 1597 2154 et
1624 2123 1794 2154 vulnerati
1811 2126 1888 2153 sunt
1905 2121 2000 2152 multi
2025 2129 2070 2151 ex
2086 2125 2231 2161 utraque

405 2184 518 2218 parte:
544 2184 658 2209 tamen
673 2184 792 2220 gentes
815 2178 945 2210 domini
968 2178 1140 2219 Principis
1155 2178 1386 2214 obtinuerunt,
1405 2183 1440 2208 et
1462 2181 1685 2218 superaverut
1709 2175 1805 2213 alios,
1829 2180 1862 2206 et
1885 2174 1935 2205 sic
1958 2179 2078 2216 gentes
2101 2171 2229 2204 domini

408 2230 623 2262 Marchionis
646 2231 803 2263 conflicti
828 2238 905 2262 sunt
930 2238 994 2263 ete.

493 2283 624 2315 Eodem
641 2284 823 2316 millesimo
840 2291 873 2315 et
889 2295 1005 2316 mense
1018 2284 1039 2316 ³.
1079 2285 1245 2315 Dominus
1262 2284 1444 2325 Lodoycus
1461 2282 1622 2324 princeps
1638 2281 1798 2312 Tarantri
1813 2281 1856 2312 de
1874 2279 2084 2311 conscientia
2100 2277 2232 2309 domini

407 2346 495 2377 pape
520 2336 706 2368 Clementis
735 2338 872 2379 accepit
895 2338 932 2368 in
957 2348 1094 2370 uxorem
1118 2337 1270 2380 reginam
1297 2336 1462 2377 Neapolis
1486 2346 1550 2377 que
1581 2336 1652 2367 eius
1677 2334 1934 2376 consanguinea
1957 2337 2046 2369 erat;
2079 2337 2113 2363 et
2143 2331 2232 2362 filius

408 2389 500 2420 dicte
525 2390 661 2432 Regine
686 2396 785 2422 natus
809 2401 850 2422 ex
867 2401 948 2433 rege
974 2390 1163 2422 Andriaxio
1187 2391 1325 2431 accepit
1349 2390 1384 2420 in
1407 2399 1546 2420 uxorem
1573 2389 1672 2419 filiam
1699 2387 1782 2418 dicti
1806 2386 1987 2427 Principis.
2034 2385 2111 2416 Hoc
2128 2384 2232 2422 facto,

409 2442 576 2484 Princeps
600 2444 775 2484 predictus
801 2454 878 2475 cum
910 2445 1058 2476 maximo
1090 2444 1244 2475 exercitu
1275 2443 1426 2485 gentium
1457 2442 1608 2485 equitum
1641 2448 1675 2473 et
1706 2441 1858 2482 peditum
1890 2439 2026 2470 iverunt
2056 2437 2230 2470 civitatem

501 2586 522 2603 x.
543 2581 734 2604 commieteret
754 2582 777 2604 A
798 2595 829 2598 —
850 2589 874 2612 4.
894 2581 1085 2606 Romandiole
1105 2590 1173 2613 agg.
1194 2582 1327 2611 diprima
1347 2589 1420 2604 mano
1442 2580 1645 2604 uell'inlerlmco
1665 2579 1690 2602 in
1704 2578 1728 2601 A
1745 2591 1774 2594 ——
1792 2584 1830 2600 10.
1846 2576 2057 2600 combusserunt
2071 2582 2138 2598 corr.
2154 2574 2230 2598 Mun.

414 2634 444 2637 —
469 2627 506 2644 12.
526 2621 630 2645 Eodem
643 2641 647 2645 .
659 2639 666 2645 .
677 2639 683 2646 .
694 2640 700 2646 .
721 2631 812 2646 mense
832 2632 880 2647 om.
899 2624 975 2648 MUR.
997 2637 1028 2641 —
1050 2631 1089 2655 14.
1110 2624 1262 2647 millesimo
1282 2625 1309 2646 et
1322 2631 1370 2647 om.
1385 2623 1462 2646 MUR.
1476 2636 1509 2638 —
1527 2622 1565 2645 18.
1579 2625 1610 2645 ut
1624 2628 1716 2645 manca
1730 2621 1754 2643 A
1766 2620 1790 2643 Β
1804 2632 1835 2636 -
1851 2625 1892 2642 20.
1906 2618 1991 2641 etiam
2006 2625 2098 2640 manca
2112 2617 2138 2639 in
2152 2616 2230 2640 MUR.

411 2676 441 2679 —
464 2668 505 2692 27.
525 2663 678 2688 millesimo
690 2680 697 2688 .
768 2668 795 2688 et
815 2674 862 2689 om.
884 2665 959 2689 Mun.
979 2679 1012 2682 —
1028 2673 1068 2697 29.
1090 2666 1183 2699 (Jonee
1204 2666 1269 2694 AB;
1285 2665 1412 2689 Zenevae
1427 2664 1503 2689 Mun.
1519 2678 1550 2681 —
1564 2663 1606 2695 36.
1627 2661 1764 2686 confilicti
1785 2661 1809 2684 A
1823 2673 1857 2677 —
1876 2666 1917 2691 37.
1932 2659 2053 2683 Taranti
2070 2665 2139 2682 corr.
2152 2657 2231 2682 Mun.

499 2763 505 2778 ¹
532 2765 672 2789 Terribile
698 2766 832 2790 lucendio
859 2767 1002 2792 ricordato
1028 2768 1062 2791 da
1089 2768 1240 2791 Bonifacio
1266 2767 1294 2790 di

410 2805 529 2829 Morano
551 2807 625 2830 nella
646 2815 694 2830 sua
715 2808 842 2832 Cronaca
863 2811 940 2833 sotto
961 2810 986 2833 la
1008 2809 1072 2833 data
1093 2808 1177 2833 dell'S
1203 2809 1295 2840 luglio

410 2854 423 2869 e
445 2847 488 2870 nel
509 2848 590 2878 quale
608 2849 781 2873 bruciarono
802 2849 832 2881 63
854 2858 915 2874 case
936 2852 1039 2875 situate
1060 2851 1134 2874 nella
1154 2850 1215 2874 Rua
1241 2851 1295 2874 Ma-

410 2897 464 2920 gna
483 2890 528 2918 (=
538 2892 667 2914 contrata
688 2893 799 2919 maiori)
820 2901 833 2916 e
854 2893 926 2916 nelle
941 2893 993 2917 due
1007 2894 1078 2917 altre
1092 2894 1234 2917 adiacenti
1249 2893 1293 2916 dei

410 2931 535 2955 Carretti
555 2940 569 2955 e
589 2933 633 2956 dei
649 2931 830 2965 Campanari,
847 2942 900 2958 con
916 2942 953 2958 un
970 2936 1063 2959 danno
1078 2936 1106 2959 di
1123 2936 1196 2959 oltre
1213 2942 1296 2959 10000

410 2972 502 2996 fiorini
523 2972 614 3004 (Crou.
633 2973 771 2998 Modenesi
789 2977 818 2999 di
835 2976 867 2999 Α.
894 2977 1010 3006 Tassoni,
1029 2978 1059 3001 di
1077 2977 1155 3000 Giov.
1175 2978 1209 3000 da
1225 2978 1293 3000 Ba:-

354 3020 384 3038 10
411 3021 483 3044 zano,
509 3015 538 3037 di
562 3016 705 3045 Bont‘fazio
733 3017 764 3040 de
786 3018 900 3042 illoram)
926 3020 963 3049 (p.
991 3017 1051 3050 756)
1078 3020 1106 3041 in
1133 3019 1228 3042 Mon.
1257 3019 1293 3042 di

1349 2766 1446 2790 Stor.
1465 2766 1564 2790 Patr.
1585 2764 1684 2788 delle
1710 2763 1818 2786 Prov.
1845 2761 1948 2789 Mod.,
1968 2760 2044 2784 Serie
2064 2759 2137 2783 delle
2163 2759 2232 2783 Cro-

1351 2809 1447 2836 nache,
1467 2810 1544 2831 tomo
1564 2807 1623 2834 XV,
1643 2806 1764 2829 Modena
1787 2803 1873 2834 1888).

1437 2848 1447 2864 ²
1469 2849 1615 2873 Giovanni
1637 2848 1666 2871 di
1686 2847 1766 2875 Vico,
1786 2847 1812 2869 la
1834 2845 1964 2877 famiglia
1984 2844 2028 2867 del
2049 2842 2130 2874 quale
2149 2846 2233 2866 tenne

1348 2900 1395 2923 per
1416 2892 1504 2915 secoli
1525 2892 1551 2914 la
1571 2890 1731 2914 Presettura
1751 2896 1829 2912 come
1849 2885 1962 2919 dignita
1981 2885 2140 2910 ereditaria.

1435 2932 1445 2948 ³
1470 2932 1597 2958 secondo
1624 2932 1644 2955 il
1671 2930 1797 2954 Vim-Am
1824 2930 1896 2960 (RR.
1925 2930 1963 2952 ΙΙ.
1990 2928 2047 2955 SS„
2072 2926 2145 2956 XIII,
2169 2926 2233 2959 976)

1347 2976 1368 2999 il
1388 2976 1574 2999 matrimonio
1596 2974 1708 2998 sarebbe
1729 2974 1870 2996 avvenuto
1898 2971 1918 2994 il
1943 2970 2045 3001 giorno
2073 2976 2105 2992 20
2131 2970 2232 3001 agosto

1349 3018 1392 3042 del
1417 3024 1490 3049 1347.

2264 587 2277 594 a

2262 595 2279 618 Ζ)

2247 850 2285 881 10

2250 1114 2286 1145 15

2251 1379 2291 1409 20

2253 1908 2294 1938 30

2254 2172 2293 2203 35

2255 2437 2296 2467 40

2262 2931 2291 2955 15
