2360 3603
47 833 84 864 10

46 1096 83 1128 15

43 1363 84 1392 20

45 1624 86 1656 25

47 1890 89 1921 30

49 2153 89 2185 35

50 2418 92 2449 40

107 230 157 268 [A.
177 233 269 266 13501
729 226 1039 261 CHRONICON
1066 226 1296 261 ESTENSE
1849 226 1918 263 173

107 359 199 400 quod
222 359 256 390 in
279 358 492 400 Mongibello
517 357 708 389 morabatur
731 357 869 400 quidam
894 357 1068 394 heremita,
1094 357 1229 388 nomine
1253 357 1360 388 frater
1384 357 1551 399 Angelus,
1572 357 1630 398 qui
1655 357 1806 399 elegerat
1837 356 1921 386 duos

108 412 366 449 ambaxiatores,
389 421 532 453 quorum
554 422 656 442 unum
681 410 874 442 destinabat
899 410 1033 441 domino
1056 410 1149 451 Pape
1167 410 1340 447 Avinioni,
1365 410 1466 441 alium
1492 421 1568 441 vero
1591 410 1681 441 vobis
1704 410 1834 440 domino
1852 409 1922 439 Im-

106 462 285 506 peratori,'
309 468 343 494 et
363 474 430 505 ego
454 474 536 494 unus
557 474 629 494 sum
652 473 694 493 cx
717 463 783 493 illis
799 462 1100 499 ambaxt'atoribus;
1119 463 1172 494 cui
1188 463 1378 504 Imperator
1395 462 1490 499 dixit,
1506 463 1599 504 quod
1616 468 1801 503 exponeret
1816 461 1922 493 verba

107 527 178 548 sua.
224 515 294 553 Qui
317 517 453 548 locutus
476 521 528 547 est
550 516 610 548 tali
633 516 749 547 modo:
773 514 905 552 Sciatis,
929 516 1060 546 domine
1086 515 1290 557 Imperator,
1314 515 1403 557 qnod
1415 516 1537 557 fmter
1560 514 1715 557 Angelus
1745 515 1918 557 predictus

107 570 243 600 nunciat
265 569 367 606 vobis,
391 570 481 610 quod
502 578 601 610 usque
625 579 708 599 nunc
731 569 894 610 rog-navit
917 569 1026 599 Pater
1048 573 1080 599 et
1110 569 1240 603 Filium
1267 569 1361 599 modo
1384 572 1521 610 accepta
1554 573 1602 599 est
1632 569 1678 599 eis
1708 568 1858 610 potentia
1890 572 1922 598 et

108 622 236 654 tradita
259 620 414 664 Spiritui
430 621 561 662 Sancto,
585 626 618 653 et
635 632 789 662 regnare
812 621 904 652 debet
916 621 1129 662 infuturum.
1177 620 1246 658 Qui
1265 622 1455 662 Imperator
1468 621 1620 658 audiens,
1638 622 1730 662 quod
1745 621 1808 652 iste
1825 630 1922 661 sepa-

107 675 204 706 rabat
228 675 365 706 Patrem
391 680 425 705 et
441 673 564 705 Filium
581 673 624 705 ab
641 674 770 714 Spiritu
788 674 926 711 Sancto,
944 673 1030 705 dixit
1046 674 1111 704 illi:
1135 674 1236 711 Estis,
1260 684 1354 715 quem
1371 684 1439 714 ego
1456 674 1581 715 cogito.
1628 674 1698 710 Qui
1722 672 1920 714 respondit:

107 738 201 769 quem
224 727 386 769 cogitatis
411 738 461 757 me
483 725 574 757 esse?
600 726 793 767 Respondit
817 727 1025 767 Imperator:
1046 726 1180 767 Cogito,
1194 731 1226 757 te
1243 737 1311 757 esse
1331 726 1515 757 Tribunum
1533 726 1647 757 Rome.
1694 724 1764 762 Qui
1780 735 1922 766 respon-

109 780 174 812 dit:
207 780 289 812 Vere
311 790 382 810 sum
405 789 472 821 ego
495 780 561 816 ille,
585 778 720 820 quifui
743 778 910 810 Tribunus
933 784 964 810 ct
985 779 1135 810 dominus
1158 779 1275 810 Rome.
1321 778 1415 810 Tunc
1441 779 1633 820 Imperator
1655 779 1756 809 dixit:
1790 779 1924 820 Expec-

107 833 182 863 tetis
203 832 455 874 aliquantulum,
479 832 580 862 donec
599 832 720 862 vadum
744 831 833 868 illuc,
857 836 888 862 et
903 836 1070 863 revertar.
1117 832 1161 862 Et
1177 832 1292 862 exiens
1309 841 1455 869 camera,
1473 831 1568 862 mixit
1584 841 1646 872 pro
1663 830 1922 871 archiepiscopo

107 885 218 927 Prage
241 891 276 916 et
291 884 552 925 archiepiscopo
569 884 796 921 Treverense,
814 890 847 914 et
862 883 995 915 duobus
1010 884 1088 915 aliis
1100 883 1273 925 episcopis
1290 889 1324 914 et
1335 883 1624 915 ambaxiatoribus
1640 884 1734 925 regis
1750 882 1874 926 Carey,
1891 888 1924 913 et

107 938 199 980 regis
214 938 342 975 Scotie,
359 943 392 968 et
407 937 482 968 aliis
497 936 718 978 sapientibus,
736 943 770 968 et
787 937 951 969 conduxit
967 947 1024 968 eos
1041 947 1154 968 coram
1173 937 1340 968 Tribuno.
1385 937 1448 968 Cui
1464 937 1652 977 Imperator
1669 937 1771 968 dixit:
1790 936 1924 968 Dicatis

107 992 239 1022 iterum.
265 989 335 1027 Qui
352 990 525 1021 Tribunus
541 990 723 1031 replicavit
738 990 858 1021 iterum
872 990 976 1022 verba
993 990 1181 1028 antedicta,
1198 996 1230 1021 et
1247 991 1338 1032 quod
1355 990 1511 1021 similiter
1527 990 1659 1021 diceret
1676 990 1760 1021 alius
1777 988 1924 1020 nuncius

107 1043 243 1075 domino
267 1043 380 1084 Pape;
407 1049 440 1074 et
463 1043 526 1074 hiis
551 1042 663 1079 dictis,
688 1043 844 1074 dominus
867 1042 963 1084 Papa
986 1043 1119 1075 faceret
1133 1043 1243 1083 ipsum
1261 1042 1442 1081 comburri,
1460 1048 1492 1073 et
1509 1043 1608 1074 tertia
1632 1043 1687 1074 die
1705 1042 1925 1073 resuscitaret

108 1096 139 1128 ei
168 1097 291 1127 virtute
315 1095 461 1136 Spiritus
487 1095 622 1130 Sancti:
646 1101 681 1126 et
707 1102 849 1137 propter
872 1096 937 1127 hoc
961 1095 1108 1136 populus
1140 1095 1321 1126 Avinionis
1354 1100 1508 1126 curreret
1540 1096 1584 1126 ad
1616 1105 1719 1131 arma,
1747 1101 1782 1126 et
1811 1095 1922 1136 ingre-

107 1149 271 1181 derentur
294 1149 454 1190 palatium
478 1149 607 1180 domini
631 1148 736 1189 Pape,
760 1155 794 1180 et
817 1148 1018 1181 occiderent
1040 1159 1115 1179 eum
1141 1159 1218 1180 cum
1242 1148 1400 1180 omnibus
1431 1148 1663 1180 cardinalibus
1693 1148 1772 1186 suis,
1797 1147 1924 1178 deinde

109 1202 292 1244 eligeretur
315 1203 401 1233 alius
423 1201 518 1243 Papa
540 1202 707 1245 ytalycus‚
730 1202 786 1244 qui
810 1208 1004 1233 removeret
1034 1202 1160 1233 curiam
1193 1202 1236 1233 de
1268 1201 1440 1238 Avinioni‚
1471 1207 1506 1233 et
1536 1201 1720 1233 reduceret
1751 1201 1924 1232 civitatem

110 1256 240 1292 Rome3
267 1259 342 1286 tunc
365 1256 444 1286 talis
467 1255 570 1298 Papa
594 1255 705 1286 mictet
725 1259 792 1297 pro
815 1255 905 1286 vobis
927 1255 1150 1298 Imperatore,
1175 1259 1208 1286 et
1228 1265 1290 1292 me,
1314 1255 1372 1296 qm·
1387 1254 1538 1285 debemus
1554 1265 1620 1285 esse
1636 1265 1735 1285 unum
1751 1254 1837 1284 idem
1854 1264 1926 1284 cum

110 1309 240 1339 domino
263 1308 368 1350 Papa
390 1308 425 1338 in
455 1308 544 1338 dicta
575 1308 721 1345 civitate,
754 1312 786 1339 et
815 1307 866 1338 ibi
892 1308 1061 1340 coronabit
1091 1319 1148 1339 vos
1179 1318 1302 1339 corona
1332 1318 1432 1339 aurea
1461 1307 1569 1349 regni
1596 1306 1721 1344 Sicilie,
1755 1306 1920 1345 Calabrie,

108 1360 244 1403 Apulie‚
271 1360 306 1392 T
303 1360 535 1392 erre-Laboris
558 1360 699 1405 Abrucii
721 1365 754 1391 et
777 1361 933 1399 aliarum,
956 1372 1006 1392 me
1029 1365 1138 1392 autem
1161 1361 1330 1393 coronabit
1351 1371 1470 1392 corona
1493 1364 1670 1402 argentea,
1695 1364 1728 1390 et
1750 1361 1924 1391 constituet

109 1424 160 1444 me
181 1424 304 1455 regem
330 1413 444 1452 Rome,
467 1417 498 1445 et
519 1414 620 1444 totius
644 1413 775 1456 Ytalye,
802 1418 834 1444 et
857 1414 904 1444 ita
927 1414 1051 1445 erimus
1075 1414 1166 1445 ambo
1190 1425 1289 1444 wmm
1312 1414 1397 1445 idem
1420 1424 1493 1445 cum
1509 1413 1641 1444 domino
1664 1412 1779 1455 Papa.
1824 1412 1926 1443 Tunc

110 1466 362 1508 archiepiscopi
387 1472 422 1498 et
453 1466 510 1497 alii
543 1467 722 1498 audientes
753 1466 829 1506 hec,
861 1466 1018 1498 dixerunt
1048 1467 1186 1499 domino
1216 1466 1434 1508 Imperatori:
1468 1466 1621 1507 Domine,
1652 1467 1733 1497 satis
1755 1466 1924 1500 ltabemus;

110 1520 301 1550 recedamus
324 1520 407 1560 hinc,
432 1526 465 1551 et
482 1519 639 1550 exierunt
663 1530 811 1551 camera.
858 1519 958 1551 Tunc
983 1520 1171 1561 Imperator
1196 1519 1297 1551 dixit:
1316 1521 1399 1562 quid
1412 1520 1502 1550 vobis
1525 1519 1660 1550 videtur
1682 1519 1722 1550 de
1738 1518 1830 1549 hiis?
1856 1518 1924 1555 Qui

111 1573 286 1603 dixerunt:
303 1571 450 1615 faciatis
473 1572 563 1603 vobis
586 1573 667 1604 dari
688 1572 722 1603 in
745 1573 884 1614 scriptis
907 1583 954 1609 ea,
979 1584 1042 1614 que
1065 1574 1160 1613 dixit,
1185 1579 1217 1605 et
1249 1573 1299 1604 sic
1331 1573 1462 1604 factum
1490 1573 1565 1605 fuit.
1611 1572 1711 1603 Tunc
1744 1573 1859 1603 clausa
1892 1576 1925 1602 et

111 1625 258 1667 sigillata
278 1625 447 1666 scriptura
470 1625 530 1657 tali
553 1625 664 1667 sigillo
690 1626 917 1666 Imperatoris,
941 1626 1196 1657 destinaverunt
1218 1636 1292 1656 eam
1317 1627 1454 1657 domino
1478 1626 1583 1667 Pape.
1630 1626 1729 1656 Tunc
1755 1624 1928 1656 Tribunus

111 1678 207 1715 dixit,
232 1679 323 1720 quod
346 1678 484 1710 volebat
506 1679 550 1710 ad
574 1679 803 1709 firmationem
835 1679 956 1710 horum
981 1679 1070 1710 tradi
1101 1679 1240 1710 domino
1272 1679 1472 1720 Imperatori
1504 1679 1589 1710 duos
1615 1688 1693 1710 suos
1718 1678 1816 1715 filios,
1841 1687 1924 1719 quos

111 1730 269 1769 habebat,
292 1737 325 1763 et
344 1732 436 1773 quod
459 1732 648 1773 Imperator
671 1732 806 1763 faceret
836 1732 927 1773 ipsos
953 1732 1125 1774 suspendi,
1157 1733 1183 1763 si
1216 1737 1294 1763 ante
1317 1732 1464 1773 spatium
1495 1732 1639 1764 duorum
1666 1731 1831 1762 mensium
1862 1730 1924 1761 iste

111 1783 285 1816 Tribunus
308 1795 376 1816 non
401 1791 490 1816 esset
513 1784 714 1816 constitutus
738 1785 896 1816 dominus
919 1784 1014 1816 urbis
1030 1785 1150 1817 Rome.
1189 1785 1289 1816 Tunc
1308 1785 1499 1826 Imperator
1514 1784 1601 1816 fecit
1617 1784 1726 1826 ipsum
1743 1784 1927 1825 solepniter

112 1837 284 1869 custodire
309 1848 414 1880 usque
440 1838 624 1870 adventum
652 1838 884 1878 responsionis
907 1838 1033 1869 domini
1058 1837 1152 1880 Pape
1176 1844 1241 1869 ete.

198 1890 330 1922 Eodem
354 1891 545 1927 millesimo,
570 1900 672 1922 xxvn
695 1891 819 1922 mensis
843 1892 987 1933 augusti.
1033 1891 1197 1923 Dominus
1214 1891 1387 1933 Johannes
1411 1892 1454 1923 de
1478 1890 1618 1932 Pepulis
1634 1890 1788 1922 existens
1811 1898 1929 1921 carce-

112 1948 203 1974 ratus
226 1943 261 1974 in
285 1943 406 1975 Castro
431 1943 539 1975 sancti
563 1943 657 1975 Petri
680 1944 781 1975 traxit
804 1950 906 1985 pacta
929 1955 1005 1975 cum
1028 1944 1263 1985 stipendiariis
1286 1943 1408 1985 quibus
1441 1944 1538 1975 datus
1569 1944 1680 1974 fuerat
1710 1952 1772 1983 pro
1804 1946 1926 1972 Lxxxffl

112 1996 258 2034 florenis,
282 1996 376 2038 quod
399 1997 471 2038 ipse
496 1997 632 2028 volebat
655 1997 786 2029 solvere
810 1998 859 2029 eis
882 1998 1008 2029 dictam
1033 1998 1255 2040 quantitatem
1280 1997 1498 2029 denariorum
1521 1996 1689 2028 videlicet
1711 1996 1755 2027 ad
1785 2004 1928 2036 presens

113 2048 260 2081 florenos
281 2055 352 2080 xxm
378 2051 462 2087 auri,
488 2055 520 2081 et
544 2050 721 2081 dimictere
745 2050 779 2080 in
803 2049 874 2081 eius
897 2050 975 2082 loco
999 2056 1068 2082 tres
1090 2061 1168 2081 suos
1193 2050 1293 2087 filios;
1326 2050 1497 2081 residuum
1527 2059 1609 2080 vero
1641 2048 1781 2080 volebat
1810 2048 1840 2078 ei
1865 2047 1929 2078 sol-

114 2112 194 2132 vere
218 2112 280 2143 per
302 2107 406 2134 totam
432 2103 521 2134 diem
544 2108 619 2133 viam
643 2102 767 2134 mensis
789 2102 990 2144 septembris
1014 2102 1178 2144 proximi;
1202 2108 1236 2134 et
1259 2104 1285 2133 si
1308 2103 1374 2134 hoc
1397 2112 1466 2134 non
1489 2102 1631 2139 faceret,
1655 2107 1728 2132 erat
1751 2105 1931 2132 contentus

112 2154 254 2186 admicti
278 2154 405 2186 debere
427 2155 604 2196 predictos
628 2160 699 2186 xxm
726 2155 874 2187 florenos
896 2162 930 2187 et
951 2157 1076 2187 reverti
1093 2155 1288 2187 carceribus
1303 2155 1540 2196 personaliter,
1556 2154 1614 2196 qui
1631 2155 1787 2185 forenses
1803 2152 1932 2194 stipen-

113 2207 213 2238 diarii
242 2207 293 2239 sic
316 2208 474 2240 fecerunt
504 2214 538 2240 et
569 2208 773 2240 dimiserunt
803 2219 890 2245 eum,
921 2215 955 2240 et
984 2209 1250 2240 adsociaverunt
1272 2218 1378 2250 usque
1402 2208 1515 2239 locum
1537 2217 1706 2243 securum,
1730 2211 1764 2237 et
1787 2205 1932 2247 aplicuit

113 2259 315 2298 Bononiam,
339 2271 439 2303 quem
463 2261 555 2292 cives
578 2267 612 2293 et
635 2261 693 2292 alii
716 2271 793 2293 cum
816 2261 963 2293 maximo
986 2262 1114 2304 gaudio
1138 2267 1345 2303 receperunt
1368 2266 1434 2291 etc.

202 2313 333 2345 Eodem
357 2313 536 2346 millesimo
562 2320 595 2345 et
618 2314 685 2345 die.
708 2314 873 2346 Dominus
888 2314 1062 2356 Johannes
1085 2314 1261 2355 predictus
1277 2319 1485 2345 tractaverat
1501 2323 1578 2344 cum
1595 2313 1775 2354 capitaneo
1795 2311 1928 2343 rastelli

115 2365 249 2397 comitis
272 2365 515 2398 Romandiole'
540 2367 689 2404 modum,
713 2367 886 2408 quomodo
911 2367 1068 2398 dominus
1082 2367 1258 2409 Johannes
1283 2376 1359 2397 cum
1381 2366 1541 2408 gentibus
1563 2366 1632 2397 suis
1654 2371 1768 2406 posset
1800 2364 1921 2406 agredi

114 2424 234 2460 gentes
264 2419 406 2455 comitis,
429 2429 573 2460 sperans
596 2429 721 2460 capere
745 2425 794 2451 tot
817 2419 861 2451 de
885 2419 954 2450 illis
976 2425 1011 2451 et
1034 2420 1120 2451 tales
1143 2419 1237 2461 quod
1262 2419 1420 2460 exigeret
1444 2418 1531 2449 filios
1555 2428 1633 2449 suos
1659 2418 1701 2448 de
1735 2417 1931 2448 carceribus

114 2480 177 2512 pro
194 2471 382 2513 quantitate
405 2472 596 2507 antedicta;
621 2472 713 2514 quod
728 2472 885 2512 pervenit
901 2472 945 2503 ad
962 2483 1059 2503 aures
1076 2472 1228 2510 Comitis,
1246 2477 1280 2503 et
1298 2471 1382 2502 fecit
1399 2470 1475 2502 illos
1492 2470 1718 2513 detrahynari
1736 2475 1769 2501 et
1785 2479 1932 2511 suspen-

119 2524 155 2555 di
178 2525 223 2555 ad
247 2525 364 2555 furcas
387 2530 452 2556 etc.

205 2577 336 2609 Eodem
359 2578 536 2609 millesimo
561 2584 594 2609 et
617 2588 741 2609 mense.
787 2579 874 2610 Cum
904 2577 1062 2610 dominus
1083 2578 1257 2620 Johannes
1289 2578 1332 2609 de
1364 2576 1503 2618 Pepulis
1535 2576 1721 2607 audivisset
1753 2581 1936 2607 tractatum

119 2630 328 2662 antedictum
351 2631 464 2672 palam
487 2631 629 2669 venisse,
654 2638 687 2662 et
710 2631 786 2663 illos
810 2632 914 2663 fuisse
946 2637 1107 2669 mortuos,
1139 2637 1172 2663 et
1200 2631 1321 2662 videns
1344 2641 1439 2671 spem
1471 2640 1565 2661 suam
1597 2629 1729 2666 falsam,
1762 2629 1818 2660 die
1848 2629 1936 2672 jovis

55 2682 94 2713 45
119 2683 215 2715 V1111⁰
238 2684 442 2725 septembris
463 2685 604 2716 recessit
627 2684 670 2717 de
692 2684 857 2721 Bononia,
881 2694 984 2716 causa
1007 2684 1112 2716 eundi
1137 2684 1371 2715 Mediolanum
1397 2693 1500 2724 super
1522 2682 1694 2714 territorio
1710 2682 1843 2714 Mutine
1859 2693 1935 2714 cum

121 2745 207 2768 cccc
231 2736 454 2778 equestribus.

210 2790 339 2821 Eodem
362 2789 557 2828 millesimo,
581 2791 635 2822 die
667 2790 719 2822 XI⁰
750 2790 961 2832 septembris.
1009 2790 1113 2822 Venit
1144 2790 1334 2821 Ferrariam
1364 2788 1521 2820 dominus
1552 2788 1666 2820 Guido
1702 2788 1787 2819 tilius
1808 2788 1935 2820 domini

211 2912 250 2929 11.
265 2905 434 2929 Teverenses
453 2906 477 2929 A
492 2921 523 2924 —
539 2905 626 2936 15-16.
641 2907 833 2937 ingrederetur
847 2907 939 2935 Mua.;
955 2906 1132 2937 ingrederent
1149 2906 1171 2929 Β
1185 2919 1215 2922 -
1233 2911 1270 2936 17.
1291 2905 1427 2937 eligerent
1449 2905 1561 2928 BMUR.
1582 2917 1590 2921 -
1610 2905 1696 2927 alium
1718 2911 1789 2935 papa
1809 2904 1938 2927 italicum

124 2946 200 2971 Mun.
221 2961 252 2963 —
276 2946 313 2971 18.
335 2947 420 2978 idem!
433 2948 523 2972 eidem
536 2949 597 2972 AB
611 2962 641 2965 —
657 2955 700 2974 21.
713 2948 798 2980 idem]
818 2949 907 2972 eidem
928 2949 988 2972 ΑΒ
1002 2962 1033 2964 -
1048 2954 1090 2978 ²3·
1103 2948 1146 2971 his
1160 2948 1236 2971 Mun.
1257 2961 1288 2964 Α-
1309 2954 1349 2979 25.
1369 2947 1461 2978 sigilli
1481 2947 1505 2970 A
1519 2948 1544 2970 Β
1565 2960 1594 2963 —
1615 2953 1656 2977 34.
1679 2946 1739 2970 auri
1759 2955 1806 2970 om.
1828 2947 1939 2970 BMuR.

125 3001 156 3005 —
176 2996 218 3020 35.
237 2990 364 3013 amittere
382 2989 458 3013 ML‘R.
479 3003 512 3006 —
531 2989 571 3020 38.
592 2991 745 3014 millesimo
765 2992 792 3014 et
810 2999 856 3014 om.
876 2990 953 3014 Mun.
973 3003 1005 3006 -
1025 2997 1065 3020 43.
1086 2990 1237 3013 millesimo
1257 2991 1284 3012 et
1304 2997 1350 3012 om.
1371 2989 1447 3013 Mun.
1468 3001 1501 3005 —
1521 2987 1561 3018 46.
1582 2994 1633 3012 ccc
1653 2988 1730 3012 MUR.

1984 1682 2057 1705 Μυκη
2073 1682 2109 1705 461

2007 2374 2101 2393 c.131v
