2360 3603
70 556 88 588 5

49 822 87 854 10

50 1084 87 1115 15

45 1350 86 1380 20

45 1612 85 1644 25

45 1878 86 1909 30

46 2139 86 2171 35

111 222 162 256 [Α.
183 224 274 255 13461
737 217 1045 252 CHRONICON
1074 217 1303 252 ESTENSE
1867 217 1934 252 139

198 348 330 379 Eodem
354 348 541 387 millesimo,
566 349 621 380 die
646 359 693 379 xv
717 349 841 379 mensis
864 349 1006 390 augusti.
1031 349 1195 380 Dominus
1210 349 1385 390 Johannes
1409 349 1452 379 de
1476 348 1617 389 Pepulis
1633 349 1725 379 venit
1746 348 1935 379 Ferrariam

110 400 157 431 ad
180 401 427 441 parlamentum
453 411 528 433 cum
554 401 692 433 domino
717 402 914 432 marchione
932 401 1086 442 Obicone
1111 407 1174 433 etc.

201 453 332 484 Eodem
355 454 547 491 millesimo,
574 464 650 485 xvn
675 454 817 496 augusti.
842 454 1007 485 Dominus
1031 454 1183 486 marchio
1211 453 1321 496 Obico
1353 454 1493 485 estensis
1524 461 1588 486 etc.
1620 454 1761 485 adm'urit
1792 462 1937 485 castrum

113 505 230 536 Sancti
255 506 380 537 Felicis
404 516 466 547 pro
490 507 694 538 tradimento
709 505 729 538 ¹.

199 558 330 589 Eodem
355 559 531 590 millesimo
556 566 589 590 et
612 569 738 591 mense.
763 559 928 590 Dominus
951 559 1017 590 Xic
1042 559 1085 590 de
1109 560 1316 601 Calclinacco
1339 559 1498 591 tractavit
1522 570 1597 590 cum
1630 560 1767 592 domino
1790 560 1937 601 impera-

111 616 184 642 tore
207 611 374 653 Ludoyco
399 612 442 642 de
465 610 633 654 Bayveria
656 611 782 643 habere
806 612 1005 643 vicariatum
1031 612 1176 643 civitatis
1200 611 1304 643 Feltri
1335 622 1398 652 pro
1430 612 1552 643 decem
1576 612 1712 644 milibus
1735 612 1937 644 florenorum

111 674 174 705 pro
198 673 298 701 anno,
323 663 366 695 de
389 674 457 706 quo
481 671 662 696 contentus
685 665 751 696 fuit
775 665 932 695 dominus
955 665 1152 706 Imperator.
1201 664 1317 701 Quare
1341 665 1496 696 dominus
1519 665 1585 696 Xic
1603 665 1665 696 ivit
1682 665 1749 705 [ad]
1767 665 1938 697 dominum

111 717 361 758 imperatorem,
387 718 440 748 cui
463 717 563 749 solvit
586 720 629 748 xm
653 718 800 749 florenos
822 727 885 758 pro
910 727 1024 754 censu,
1049 724 1083 749 et
1097 717 1183 748 ultra
1208 718 1307 748 etiam
1331 719 1478 749 florenos
1501 721 1563 748 111¹¹¹
1590 719 1729 749 donavit
1753 718 1783 749 ei
1796 717 1817 749 ².
1864 719 1937 749 Hiis

111 770 223 807 factis,
247 769 401 801 dominus
424 771 609 811 imperator
633 771 802 802 concessit
834 771 865 801 ei
892 770 1102 808 vicariatum,
1127 776 1160 801 et
1183 770 1267 801 fecit
1290 770 1362 801 fieri
1385 776 1568 802 strumenta
1592 770 1749 811 publica;
1773 777 1850 811 post
1872 771 1936 802 hec

110 822 265 863 precepit
288 823 471 864 imperator
501 823 639 855 domino
671 822 934 865 Ynghilmario³
959 823 1051 864 quod
1074 823 1182 864 ipsum
1214 823 1307 854 micti
1337 823 1490 861 deberet,
1514 830 1547 854 et
1573 824 1763 854 confirmari
1787 823 1820 854 in
1844 824 1937 855 dicto

108 874 288 911 vicariatu3
313 881 346 907 et
369 875 468 907 ambo
492 876 626 907 iverunt
643 876 686 907 ad
704 876 878 907 dominum
893 875 1122 906 marchionem
1139 876 1180 906 de
1206 875 1443 918 Brandiburgo
1464 875 1508 907 ad
1531 875 1782 907 no'tificandum
1806 876 1837 906 ei
1859 876 1937 914 hoc,

111 927 154 958 de
179 937 245 969 quo
262 927 326 959 fuit
342 934 530 959 contentus.
577 928 718 959 Interim
735 928 984 959 ambaxiatores
1008 928 1157 959 civitatis
1180 928 1208 958 F
1211 927 1302 958 eltri'
1325 928 1545 959 adcesserunt
1561 929 1604 959 ad
1628 930 1870 969 Imperatorem
1888 929 1938 960 di-

111 986 244 1011 centes:
271 979 301 1011 O
322 981 452 1012 domine
470 981 667 1023 imperator,
686 981 768 1022 quid
781 985 830 1011 est
844 981 930 1012 lcoc?
953 991 1058 1022 quare
1072 980 1210 1023 fecistis
1233 981 1320 1012 hoc?
1342 991 1398 1011 vos
1413 981 1614 1012 concessistis
1629 981 1829 1012 w'cam'atzcm
1847 985 1939 1012 terre

111 1032 229 1063 Fcltrz'
247 1032 379 1063 domino
402 1031 481 1073 Atre,
507 1033 566 1074 qui
579 1037 628 1063 est
647 1034 781 1075 primus
797 1037 830 1063 et
844 1034 958 1075 capud
970 1034 1083 1075 partis
1101 1031 1222 1074 Gucgfc
1237 1033 1272 1063 in
1288 1033 1378 1063 dicta
1394 1033 1556 1063 civitate?
1578 1034 1716 1063 admodo
1739 1044 1864 1064 necesse
1880 1038 1936 1073 cst,

111 1085 202 1127 quod
220 1088 306 1127 pars
330 1085 520 1116 Ghz‘bellz‘na
543 1086 631 1116 dicte
646 1086 793 1117 civitates
816 1086 959 1125 recedat,
984 1090 1020 1116 ut
1043 1097 1105 1116 non
1128 1086 1374 1127 z‘ntcrgfi‘ciczntm·
1397 1086 1436 1116 ab
1460 1096 1496 1116 eo
1520 1090 1552 1116 ct
1573 1086 1649 1116 suis.
1697 1085 1773 1122 Que
1796 1085 1939 1118 audiens

111 1138 300 1179 Imperator
323 1138 528 1179 suprastetit,
552 1139 774 1180 precepitque
799 1139 987 1170 camerario
1011 1149 1072 1170 suo
1096 1138 1187 1180 quod
1207 1138 1365 1169 celeriter
1388 1138 1519 1169 nuntiet
1549 1138 1686 1169 domino
1719 1139 1937 1182 Inghilmario

111 1190 203 1232 quod
228 1191 271 1222 de
296 1190 460 1222 vicariatu
484 1191 640 1222 ordinato
657 1191 763 1222 nichil
780 1192 956 1232 procedat.
1004 1190 1082 1227 Que
1105 1191 1218 1222 omnia
1241 1191 1372 1222 naravit
1395 1191 1534 1222 domino
1558 1191 1635 1229 Xic,
1660 1197 1693 1222 et
1709 1192 1883 1222 mostravit
1907 1191 1937 1223 ei

109 1243 248 1275 lieteras
272 1243 399 1275 domini
423 1244 652 1285 Imperatoris,
677 1244 720 1275 de
745 1255 812 1286 quo
837 1244 992 1275 dominus
1015 1244 1082 1276 Xic
1106 1244 1246 1275 multum
1278 1244 1397 1282 doluit,
1422 1251 1455 1275 et
1479 1244 1682 1275 festinanter
1706 1255 1862 1275 reversus
1888 1251 1939 1276 est

110 1296 231 1328 iterum
249 1296 386 1328 domino
403 1297 604 1338 Imperatori
622 1307 834 1339 conquerens
851 1298 894 1328 de
918 1298 995 1328 hoc.
1043 1297 1159 1335 Quare
1185 1297 1341 1328 dominus
1357 1297 1545 1338 Imperator
1561 1297 1643 1328 fecit
1670 1297 1779 1338 ipsum
1796 1298 1940 1329 detineri

110 1354 144 1380 et
166 1348 297 1380 includi
321 1348 517 1380 carceribus
529 1348 551 1387 4,
569 1355 602 1380 et
619 1355 801 1391 antequam
818 1349 980 1380 liberatus
1005 1355 1093 1380 esset
1117 1349 1215 1380 dictis
1240 1349 1446 1386 carceribus,
1463 1349 1566 1380 solvit
1583 1349 1722 1380 domiuo
1739 1349 1939 1391 Imperatori

110 1402 301 1442 pecuniam,
325 1408 358 1433 et
382 1402 523 1433 admixit
547 1409 658 1433 castra
682 1402 802 1444 quibus
825 1402 1073 1434 dominabatur.

197 1454 329 1486 Eodem
346 1455 537 1493 millesimo,
554 1455 608 1486 die
626 1455 757 1487 sabbati
774 1465 861 1486 xxvr
878 1456 1004 1486 mensis
1021 1455 1164 1498 augusti,
1183 1455 1276 1487 circa
1292 1465 1462 1496 vesperas.
1510 1455 1595 1487 Cum
1612 1465 1672 1486 rex
1686 1455 1811 1497 Anglie
1825 1455 1836 1473 5
1852 1457 1940 1487 male

110 1517 146 1538 se
169 1507 312 1539 haberet
335 1513 456 1539 contra
478 1518 595 1551 regem
618 1509 646 1540 F
648 1509 764 1540 rancie
778 1508 789 1525 ⁶
819 1509 933 1539 multis
957 1509 1000 1539 de
1025 1508 1146 1546 causis,
1171 1519 1231 1539 rex
1254 1508 1380 1550 Anglie
1409 1518 1485 1539 cum
1509 1514 1580 1539 toto
1605 1508 1757 1540 exercitu
1783 1515 1816 1540 et
1839 1518 1940 1550 posse

112 1560 190 1592 ficte
215 1560 436 1593 demost-ravit
459 1561 604 1602 equitari
629 1561 857 1593 Guasconiam
880 1562 914 1592 in
937 1561 1123 1592 subsidium
1140 1561 1316 1592 cuiusdam
1340 1560 1463 1592 nobilis
1486 1561 1714 1592 inobedientis
1738 1562 1810 1603 regi
1834 1563 1939 1594 Fran-

111 1623 238 1651 corum,
262 1620 313 1644 set
336 1613 401 1644 iter
423 1614 566 1655 arripuit
588 1623 651 1656 per
668 1615 913 1646 Normandiam
928 1624 1033 1655 usque
1051 1614 1220 1645 civitatem
1239 1612 1333 1644 Cami
1347 1613 1369 1651 ⁷,
1387 1625 1486 1656 quam
1505 1613 1681 1645 obtinebat
1703 1625 1763 1645 rex
1779 1613 1807 1644 F
1811 1614 1939 1652 rancie‚

110 1676 211 1707 quam
235 1666 410 1704 destruxit,
435 1673 469 1697 et
492 1667 606 1698 occidi
630 1667 716 1698 fecit
740 1677 857 1698 omnes
880 1666 1072 1698 habitantes
1096 1666 1130 1697 in
1154 1677 1204 1698 ea.
1252 1667 1295 1697 Et
1319 1666 1461 1708 ingressi
1485 1672 1561 1698 sunt
1577 1677 1680 1708 super
1696 1668 1863 1698 territorio
1880 1678 1940 1708 pa-

108 1718 255 1755 rixiensi‚
281 1719 494 1750 destruentes
518 1720 631 1751 omnia
654 1720 804 1761 ipsorum
827 1729 938 1760 posse.
986 1718 1090 1756 Quod
1114 1719 1255 1750 audiens
1278 1729 1339 1750 rex
1363 1719 1521 1756 Francie,
1545 1720 1737 1762 segregavit
1760 1719 1940 1750 Parixius8

111 1781 187 1802 cum
218 1771 364 1802 maxima
394 1772 583 1813 quantitate
615 1773 770 1814 gentium
801 1773 981 1803 adversum
1012 1782 1129 1815 regem
1159 1771 1296 1814 Augiie,
1328 1772 1473 1803 credens
1503 1773 1614 1812 ipsum
1646 1778 1679 1803 et
1710 1782 1788 1803 suos
1816 1783 1939 1814 capere

110 1823 154 1856 ad
178 1824 359 1866 quemdam
382 1835 516 1866 passum
541 1835 628 1867 aque
653 1835 719 1867 que
744 1825 870 1857 dicitur
894 1825 994 1862 Sena,
1019 1832 1052 1856 et
1073 1825 1120 1856 ibi
1145 1825 1339 1866 expectavit
1362 1835 1430 1857 eos.
1476 1825 1555 1856 Rex
1580 1831 1690 1855 autem
1714 1824 1840 1867 Anglie
1863 1836 1941 1867 pre-

109 1877 223 1908 sciens
245 1877 427 1909 adventum
452 1878 535 1909 dicti
558 1878 649 1921 regis
672 1878 819 1909 Francie
845 1884 963 1909 contra
981 1889 1067 1915 eum,
1087 1878 1232 1909 cessavit
1255 1878 1322 1909 tale
1339 1877 1416 1914 iter,
1440 1883 1491 1908 set
1506 1887 1568 1918 per
1591 1878 1691 1908 aliam
1715 1877 1803 1908 viam
1827 1889 1941 1909 versus

109 1929 266 1961 Parixius
289 1930 432 1973 ingressi
456 1937 534 1962 sunt
556 1941 665 1972 prope
689 1932 733 1962 ad
757 1937 886 1972 septem
909 1930 1065 1961 milliaria
1088 1931 1213 1968 locum,
1245 1930 1303 1971 qui
1328 1930 1451 1962 dicitur
1479 1930 1624 1962 Sanctus
1649 1930 1860 1962 Germanus⁹
1883 1931 1940 1963 ubi

111 1993 238 2021 omnes,
255 1994 340 2025 quos
355 1984 569 2021 invenerunt,
595 1984 805 2016 occiderunt.
850 1984 950 2015 Tunc
974 1995 1034 2015 rex
1058 1983 1215 2021 Francie,
1231 1983 1298 2014 hoc
1315 1983 1468 2021 audieus,
1486 1983 1679 2025 segregavit
1695 1983 1771 2014 loco
1788 1983 1846 2015 ubi
1869 1990 1941 2015 erat

111 2046 189 2067 cum
212 2036 290 2074 suis,
315 2043 349 2068 et
371 2037 506 2068 iverunt
536 2047 653 2068 versus
679 2037 847 2074 Parixius,
879 2043 1091 2068 transeuntes
1122 2037 1248 2067 dictam
1284 2046 1417 2077 aquam,
1453 2036 1531 2078 quia
1563 2046 1631 2067 non
1662 2035 1709 2067 ibi
1740 2043 1813 2068 erat
1846 2047 1941 2078 pons.

110 2088 243 2120 Deinde
267 2089 470 2121 recedentes
494 2089 654 2127 Parisius‚
678 2089 815 2121 iverunt
839 2089 949 2120 locum
976 2089 1057 2120 dicti
1083 2089 1199 2120 Sancti
1225 2088 1396 2125 Germani,
1421 2087 1478 2119 ubi
1501 2098 1562 2119 rex
1584 2087 1709 2129 Anglie
1733 2095 1816 2120 erat.
1864 2088 1941 2126 Que

111 2141 224 2172 omnia
247 2141 421 2182 presciens
446 2142 556 2173 dictus
587 2152 657 2179 rex,
690 2143 832 2173 recessit
864 2152 940 2172 cum
971 2141 1039 2172 suis
1063 2147 1096 2172 et
1126 2142 1191 2172 iter
1215 2141 1359 2181 arripuit
1388 2140 1568 2182 quemdam
1596 2141 1709 2171 locum
1733 2141 1819 2172 inter
1842 2142 1942 2183 Crip-

111 2193 172 2224 sim
187 2193 210 2209 ¹⁰
235 2200 269 2225 et
292 2194 504 2226 Labavillam
519 2194 539 2211 ¹¹
566 2194 600 2225 in
623 2194 770 2236 quodam
795 2195 941 2225 maximo
967 2204 1115 2232 nemore,
1140 2200 1173 2224 et
1197 2200 1476 2224 castramentatus
1501 2199 1550 2224 est
1567 2193 1624 2230 ibi,
1641 2200 1781 2234 propter
1798 2205 1939 2235 qnorum

205 2311 230 2336 3.
248 2306 353 2330 Eodem
373 2305 532 2336 millesimo]
554 2305 598 2330 die
617 2306 695 2330 MUR.
715 2319 748 2323 -
768 2314 793 2336 4.
811 2306 883 2337 Dopo
902 2306 1073 2329 tradimento
1088 2306 1115 2328 in
1130 2304 1154 2327 A
1167 2312 1276 2335 seguono
1289 2305 1378 2327 abrasa
1397 2304 1419 2327 Ιε
1428 2304 1519 2335 parole
1538 2304 1610 2335 quod
1628 2305 1735 2336 accepit
1753 2312 1765 2327 e
1784 2308 1823 2328 tre
1832 2307 1945 2336 pantini

1166 2347 1178 2355 us

114 2354 192 2370 ancor-
209 2347 310 2371 visibili
327 2361 360 2365 —
381 2354 403 2378 5.
430 2348 578 2371 millesimo
597 2349 626 2371 et
644 2355 692 2372 om.
718 2348 796 2372 Mun.
817 2362 848 2365 —
870 2352 894 2377 7.
913 2347 982 2371 Xico
1002 2347 1080 2371 Mna.
1107 2361 1137 2364 —
1165 2353 1188 2371 0.
1214 2345 1293 2376 111.¹¹²]
1320 2346 1395 2369 mille
1414 2346 1491 2370 Mun.
1511 2359 1543 2362 —
1562 2353 1587 2376 9.
1607 2347 1793 2370 instrumenta
1812 2346 1889 2371 MUR.
1909 2361 1940 2364 —

117 2395 156 2413 ιο.
176 2387 265 2419 micti]
287 2390 398 2413 mittere
415 2397 480 2413 corr.
501 2389 577 2412 Mun.
599 2402 608 2406 -
629 2389 793 2413 confirmare
811 2396 878 2413 corr.
898 2389 973 2412 Mun.
993 2401 1025 2405 —-
1048 2395 1088 2412 11.
1109 2388 1224 2411 domino
1244 2387 1402 2411 Marchioni
1422 2388 1498 2411 Mun.
1519 2400 1551 2404 ——-
1575 2386 1614 2410 16.
1628 2388 1792 2419 super-stetit
1811 2387 1888 2412 Mun.
1909 2403 1938 2405 —

86 2434 89 2435 ⁷
113 2437 156 2454 21.
168 2431 266 2461 quibus
285 2430 406 2461 toglz'amo
425 2431 471 2454 dal
489 2430 566 2455 Mna.
587 2444 597 2448 -
616 2431 678 2461 dopo
696 2432 787 2454 castra
806 2430 901 2453 lacuna
921 2431 950 2453 in
969 2430 1027 2453 AB
1041 2443 1072 2447 -
1089 2436 1130 2454 22.
1143 2430 1201 2453 Rex
1220 2429 1321 2460 Anglie
1340 2436 1387 2452 orn.
1408 2428 1485 2453 MUR.
1499 2441 1530 2445 —
1546 2435 1587 2459 24.
1601 2429 1725 2459 equitare
1737 2436 1804 2453 corr.
1818 2429 1895 2453 Μυκ.
1909 2443 1941 2447 —

53 2732 85 2749 10

52 2940 82 2965 15

114 2477 155 2503 ²7·
175 2472 259 2496 Parix
277 2473 318 2499 A:
337 2473 459 2496 Parixus
477 2473 555 2496 MUR.
577 2486 608 2489 —-
629 2479 670 2504 29.
691 2479 821 2504 passuum
835 2472 894 2495 AB
908 2484 940 2488 —-
961 2471 1053 2503 35-36.
1072 2470 1209 2502 Cripsim]
1229 2470 1354 2502 Oripsim
1374 2470 1452 2495 MUR.
1468 2484 1497 2487 -
1513 2469 1554 2500 36.
1574 2470 1744 2494 Labavillam
1764 2472 1791 2493 in
1810 2471 1834 2493 A
1853 2473 1942 2495 scritto

109 2514 321 2544 posteriormente
342 2514 411 2537 dallo
430 2517 504 2537 stesso
523 2514 619 2545 copista
637 2521 669 2536 su
687 2513 782 2536 lacuna
1312 2516 1315 2519 ’

198 2598 207 2615 ¹
226 2600 250 2624 11
270 2601 384 2624 castello
404 2600 435 2624 fu
455 2608 537 2633 preso
557 2608 572 2624 a
598 2601 769 2625 tradimento
789 2602 824 2625 da
850 2601 999 2625 Leonas-do
1055 2609 1082 2633 p.
1103 2608 1145 2633 29,
1166 2600 1292 2629 Belluno,
1314 2600 1390 2630 1893.

109 2650 124 2666 e
143 2641 274 2666 Federico
295 2642 355 2669 Pio.
368 2649 385 2666 a
404 2650 485 2666 nome
504 2642 548 2666 del
561 2643 690 2667 Visconti
709 2650 722 2666 e
736 2643 779 2666 del
799 2642 942 2674 Gonzaga,
957 2650 1001 2667 rna
1145 2642 1156 2657 ⁴
1176 2643 1208 2666 In
1228 2643 1358 2667 Bolzano.
1377 2642 1420 2667 Cf.
1441 2642 1567 2667 Cortusii
1587 2642 1655 2673 (RR.
1671 2642 1705 2666 II.
1721 2642 1781 2670 SS„
1796 2643 1856 2673 XII,
1870 2643 1940 2674 920).

111 2684 185 2714 dopo
198 2683 278 2714 pochi
292 2684 386 2714 giomi
406 2685 498 2715 questi
511 2684 564 2708 alla
583 2684 642 2708 loro
655 2684 733 2708 volta
748 2692 868 2707 venneto
889 2683 1000 2708 fraudo-
1144 2683 1155 2699 ⁵
1174 2684 1304 2708 Eduardo
1324 2683 1373 2707 111.

111 2726 280 2749 lentemente
292 2725 409 2748 cacciati
422 2725 468 2748 dai
487 2727 598 2757 seguaci
611 2726 640 2749 di
652 2726 738 2749 Paolo
753 2726 828 2749 Pico.
844 2724 886 2749 Cf.
901 2726 930 2749 P.
945 2725 1001 2750 Co·
1146 2725 1155 2741 θ
1175 2726 1286 2758 Filippo
1308 2726 1345 2749 VI
1364 2725 1394 2749 di
1414 2726 1519 2750 Valois.

109 2773 260 2795 srAcrANI,
279 2771 322 2798 op.
340 2767 395 2796 ἀι,
414 2775 461 2799 pp.
482 2768 573 2799 28-29.
826 2764 828 2767 ’
1146 2767 1156 2783 7
1177 2768 1253 2792 Caen
1274 2768 1355 2798 (Cam
1376 2775 1392 2791 ο
1413 2767 1592 2797 Cadomum).

199 2807 209 2823 ²
228 2809 397 2833 Dodicimila
414 2809 507 2833 fiorini
526 2810 650 2833 diconoi
672 2809 787 2833 Cortusi
801 2808 870 2840 (RR.
891 2809 926 2833 Il.
941 2810 1001 2837 SS„
1144 2810 1155 2827 8
1173 2810 1300 2832 Parit-ius
1318 2809 1471 2840 adoperato
1490 2817 1568 2832 come
1587 2809 1788 2834 indeclinabile.

111 2849 170 2880 ΧΠ,
190 2849 253 2881 920)
272 2857 320 2882 per
340 2857 394 2874 una
413 2850 488 2874 volta
508 2852 598 2875 tanto.
1144 2850 1154 2866 ⁹
1173 2851 1255 2875 Saint
1275 2851 1407 2875 Germain
1427 2859 1462 2874 en
1481 2851 1565 2882 Laye.

197 2889 208 2905 ³
228 2891 408 2922 Engelmario
428 2892 460 2915 de
484 2892 639 2916 Villanders
665 2893 800 2924 capitano
825 2892 952 2924 generale
971 2891 999 2914 di
1145 2891 1165 2906 ¹⁰
1186 2890 1283 2924 Cre’cy,
1303 2892 1338 2914 da
1357 2893 1399 2915 cui
1419 2899 1499 2924 prese
1518 2899 1599 2915 nome
1613 2893 1638 2916 la
1652 2893 1796 2924 battaglia‚
1816 2901 1831 2916 a
1847 2900 1878 2916 20
1892 2893 1941 2917 kil.

110 2932 200 2956 Feltre
220 2939 234 2955 e
253 2932 281 2956 di
301 2933 416 2956 Belluno
436 2933 483 2956 nel
511 2934 618 2964 1346-7.
655 2934 685 2957 F.
710 2933 900 2961 Parnasium,
927 2934 1001 2957 Serre
1058 2933 1092 2956 da
1113 2933 1267 2956 Abbeville.

110 2975 153 2997 dei
170 2975 280 2998 Podestd
299 2982 312 2997 e
336 2974 396 3006 Cap.
416 2983 429 2998 e
448 2975 494 2998 dei
517 2975 606 2998 Vicari
623 2983 635 2997 e
650 2976 754 3006 gr‘udici
765 2975 922 2999 diBelluno
943 2982 1000 3004 ecc„
1144 2973 1163 2989 ¹¹
1183 2974 1330 2998 Abbeville
1351 2982 1366 2998 a
1388 2980 1434 3005 157
1455 2974 1506 2998 kil.
1525 2975 1560 2998 da
1578 2975 1685 3006 Parigi.

1989 886 2062 906 Mun..
2078 891 2116 909 429

1968 2731 2002 2748 20

1970 2942 2001 2967 23

2013 944 2034 958 c.
2049 943 2107 961 109³!
