2360 3603
200 1291 219 1304 c.
235 1285 274 1303 118
283 1291 296 1303 r

197 1338 262 1356 Μυε,
278 1343 316 1360 ⁴43

390 249 459 284 154
1007 248 1326 284 CHRONICON
1355 247 1585 282 ESTENSE
2041 251 2093 285 [A.
2115 252 2205 284 1347]

380 380 496 411 litibus
519 386 553 411 et
571 379 817 420 questionibus,
842 386 875 410 et
905 379 1008 409 etiam
1033 380 1067 410 in
1093 379 1234 410 arbitri0
1259 378 1385 410 domini
1417 377 1583 418 Episcopi
1607 376 1831 420 bryssiensis¹
1857 377 1998 418 quinon
2023 382 2207 418 potuerunt

383 432 586 464 concordari
610 432 747 463 insimul
771 439 805 463 et
829 432 943 463 taliter
968 438 1124 473 treugua,
1147 442 1213 473 que
1238 436 1312 462 erat
1335 431 1426 462 inter
1450 436 1578 471 partes,
1601 429 1772 471 expiravit
1796 435 1861 461 etc.

469 485 600 516 Eodem
624 485 804 516 millesimo
827 491 861 515 et
884 494 999 516 mense
1024 485 1167 526 augusti.
1217 484 1444 515 Reverendus
1467 489 1566 524 pater
1591 489 1624 514 et
1654 482 1813 514 dominus
1837 483 1993 514 dominus
2025 482 2209 514 Niccolaus

381 539 509 569 electus
525 544 557 568 et
573 537 791 569 confirmatus
807 537 1001 578 Episcopus
1018 537 1190 567 nitriensis
1203 536 1213 551 ²
1231 536 1386 567 dominus
1404 535 1547 566 Niccola
1564 535 1686 566 Tontel
1706 535 1868 577 Pessoyn,
1885 535 2041 566 dominus
2057 534 2208 567 Thomas

383 601 498 621 comes
523 590 726 626 Shestensis‚
751 591 912 632 magister
936 590 1080 631 Echyco
1106 599 1220 620 comes
1243 590 1286 620 de
1309 587 1421 626 Sard.,
1445 588 1606 630 magister
1637 587 1831 630 Phylippus
1860 597 1974 619 comes
2005 588 2048 620 de
2080 588 2208 625 Corad,
2256 587 2273 618 5

383 643 538 674 dominus
569 642 758 673 Ladislaris
781 643 894 674 dictus
917 643 980 674 Sos
1005 643 1047 674 de
1072 642 1202 673 Coroid
1226 651 1352 678 comes,
1377 641 1539 682 magister
1570 641 1696 671 Paulus
1728 641 1816 671 Prat.
1849 640 2018 676 Wanade,
2047 640 2211 681 magister

384 695 554 737 Georgius
578 695 722 726 Beberis
746 706 861 727 comes
878 696 1057 727 Avanade.
1103 693 1302 736 Supradicti
1319 693 1465 724 barones
1481 693 1611 724 domini
1627 694 1719 735 regis
1734 692 1887 735 Ungarie
1904 691 2080 729 antedicti,
2096 702 2208 724 reces-

382 754 496 779 serunt
520 748 562 779 de
587 748 727 780 civitate
745 749 912 786 Ferrarie,
930 755 963 780 et
980 748 1124 790 ingressi
1142 754 1219 779 sunt
1235 757 1349 778 versus
1366 753 1480 788 partes
1496 745 1638 788 Abrucii
1653 746 1687 776 in
1705 745 1894 777 subsidium
1911 745 2056 777 civitatis
2071 745 2210 787 Aquile,

382 812 448 843 que
473 801 609 832 obsessa
633 808 704 832 erat
728 812 747 831 a
771 801 929 844 gentibus
954 801 1050 832 ducis
1083 801 1125 832 de
1149 800 1293 831 Duratio
1307 802 1329 836 ³,
1354 800 1489 831 nomine
1513 798 1702 830 meretricis
1726 799 1845 841 regine
1870 798 2065 840 Neapolim,
2097 798 2210 830 uxoris

384 855 557 896 quondam
581 854 670 885 bone
695 854 860 886 memorie
885 854 976 896 regis
1001 853 1197 886 Andriaxii.
2237 852 2274 883 10

469 907 599 938 Eodem
624 907 803 938 millesimo
827 913 860 938 et
884 917 1000 938 mense
1033 907 1175 948 augusti.
1222 905 1472 947 Colupnenses‚
1503 904 1632 943 Ursini,
1657 905 1786 936 Savelli
1810 910 1844 936 et
1874 904 1934 936 alii
1958 904 2091 936 nobiles
2113 903 2210 936 Civi-

382 961 458 991 tatis
481 970 619 991 romane
644 970 713 991 non
737 966 834 991 erant
857 961 1011 991 contenti
1043 959 1085 991 de
1117 959 1266 990 dominio
1297 958 1444 990 Tribuni
1475 958 1606 989 romani
1637 957 1826 999 supradicti
1857 963 1892 988 et
1925 958 2044 989 modos
2073 956 2210 988 insimul

382 1013 579 1055 cogitabant
603 1013 732 1044 evitare
760 1013 827 1044 tale
852 1013 1051 1049 dominium,
1075 1018 1110 1044 et
1140 1012 1388 1044 ordinaverunt
1418 1021 1496 1042 cum
1528 1011 1678 1053 quodam
1710 1009 1890 1047 assessino,
1925 1010 1984 1052 qui
2016 1009 2209 1041 Tribunum

381 1066 527 1096 interfici
552 1065 713 1096 debebat:
740 1076 806 1107 que
830 1066 943 1097 omnia
966 1066 1009 1097 ad
1034 1065 1192 1096 notitiam
1215 1064 1363 1096 Tribuni
1386 1069 1619 1104 pervenerunt
1642 1073 1747 1105 quare
1771 1063 1848 1104 capi
1871 1063 1957 1094 fecit
1980 1062 2110 1094 dictum
2134 1071 2211 1102 sep-

379 1119 522 1156 telitem‚
546 1125 579 1150 et
603 1119 690 1150 fecit
713 1119 823 1160 ipsum
849 1119 1032 1161 flagellari,
1059 1119 1116 1161 qui
1141 1119 1318 1150 confessus
1334 1118 1411 1154 fuit,
1429 1117 1522 1159 quod
1538 1117 1647 1158 ipsum
1667 1115 1815 1148 debebat
1832 1116 1995 1147 occidere
2019 1115 2063 1146 ad
2079 1116 2212 1147 instan-
2239 1115 2275 1146 15

380 1173 464 1203 tiam
477 1172 728 1203 antedictorum
742 1184 749 1202 ε
768 1171 859 1203 unde
876 1171 1050 1203 Tribunus
1066 1171 1163 1202 mixit
1175 1182 1237 1212 pro
1255 1170 1322 1201 illis
1337 1176 1371 1202 et
1383 1169 1587 1212 interogavit
1605 1179 1662 1200 eos
1679 1170 1722 1200 de
1739 1169 1815 1205 hoc,
1833 1169 1890 1210 qui
1908 1168 2057 1200 confessi
2072 1169 2212 1199 fuerunt

382 1225 473 1267 quod
497 1236 615 1256 verum
641 1231 723 1256 erat.
771 1224 888 1261 Quare
911 1225 1085 1256 Tribunus
1110 1223 1348 1265 condepnavit
1363 1223 1456 1264 ipsos
1480 1223 1524 1254 ad
1547 1229 1700 1259 mortem,
1716 1228 1750 1253 et
1765 1222 1858 1263 ipsos
1880 1221 1978 1252 indui
1994 1221 2080 1253 fecit
2095 1219 2208 1264 nigro'

384 1284 417 1310 et
440 1288 555 1309 coram
579 1278 707 1319 populo
730 1278 901 1318 publicari
925 1278 1236 1319 condepnationem
1251 1274 1382 1308 mortis'
1401 1286 1533 1311 eorum;
1552 1282 1585 1307 et
1604 1275 1693 1306 misit
1717 1285 1776 1306 eos
1799 1275 1844 1305 ad
1861 1274 1973 1305 locum
1989 1274 2130 1312 iustitie,
2153 1274 2212 1316 qui

388 1338 506 1362 euntes
528 1341 591 1372 per
613 1331 704 1361 viam
729 1331 934 1368 clamabant,
957 1336 991 1362 et
1015 1330 1205 1372 querebant
1229 1328 1508 1361 misericordiam.
1555 1328 1728 1359 Tribunus
1758 1327 1900 1359 audiens
1923 1327 2000 1364 hec,
2023 1333 2058 1358 et
2079 1326 2213 1358 miseri-

383 1384 500 1416 cordia
524 1390 644 1420 motuS,
667 1385 796 1427 gratias
820 1384 967 1415 restituit
992 1384 1050 1420 eis,
1075 1390 1109 1414 et
1134 1383 1317 1414 confinavit
1341 1392 1399 1414 eos
1422 1382 1457 1412 in
1481 1381 1594 1422 capite
1620 1382 1811 1423 aliquarum
1843 1380 2018 1412 civitatum
2042 1380 2213 1411 subiecta·
2235 1381 2278 1411 20

380 1448 454 1469 rum
479 1437 610 1468 civitati
633 1437 803 1475 Romane,
829 1437 886 1478 qui
911 1447 988 1467 cum
1005 1437 1145 1468 fuerunt
1162 1443 1260 1468 extra
1277 1435 1466 1472 civitatem,
1489 1445 1557 1466 non
1581 1441 1756 1476 tamquam
1780 1433 1921 1476 legales,
1937 1439 1989 1464 set
2011 1432 2212 1464 inobedien-

382 1497 430 1522 tes
455 1490 648 1521 confinibus
670 1490 719 1521 eis
742 1489 939 1532 designatis,
964 1489 1140 1531 fugierunt
1164 1489 1208 1520 ad
1225 1495 1337 1520 castra
1354 1499 1481 1520 eorum.
1530 1488 1696 1519 Dominus
1713 1487 1893 1530 Cordanus
1916 1487 1959 1517 de
1983 1485 2131 1523 Ursinis,
2155 1485 2213 1528 qui

381 1554 467 1574 unus
491 1550 563 1575 erat
585 1553 627 1574 ex
650 1543 729 1580 illis,
753 1543 815 1574 ivit
841 1543 884 1574 ad
908 1543 1082 1584 quoddam
1107 1549 1255 1573 castrum
1279 1543 1417 1573 nomine
1434 1541 1604 1573 Marinum
1620 1541 1644 1578 ⁴,
1668 1541 1818 1582 quicum
1842 1540 1991 1571 maxima
2021 1539 2213 1581 quantitate

384 1597 540 1638 gentium
557 1602 767 1638 congregata
784 1596 948 1637 equitavit
964 1605 1071 1637 usque
1087 1601 1204 1636 portas
1227 1595 1332 1632 urbis,
1350 1593 1577 1635 depredando
1595 1594 1718 1630 omnia,
1736 1599 1770 1624 et
1787 1592 2031 1624 comburendo.
2077 1592 2213 1624 Deinde

382 1650 559 1680 redierunt
591 1656 737 1680 castrum
770 1660 876 1680 suum.
924 1648 1088 1679 Dominus
1118 1648 1294 1679 Tribunus
1328 1648 1394 1678 hec
1429 1647 1585 1684 audiens,
1616 1646 1740 1678 direxit
1770 1645 1958 1677 exercitum
1988 1645 2034 1676 ad
2067 1651 2212 1676 castrum
2237 1645 2276 1676 25

383 1702 555 1733 Marinum
586 1702 620 1733 in
653 1702 844 1739 obsidione,
875 1707 909 1732 et
940 1701 1124 1733 existentes
1153 1701 1201 1732 ibi
1226 1711 1287 1742 per
1310 1700 1450 1731 multum
1475 1706 1618 1741 tempus,
1651 1700 1810 1730 dominus
1839 1698 2019 1743 §jordanus
2042 1697 2149 1729 voluit
2177 1707 2214 1729 se

385 1754 588 1787 concordari
620 1755 723 1786 salvis
754 1755 920 1795 personis.
967 1754 1144 1785 Tribunus
1182 1760 1297 1785 tamen
1328 1754 1468 1785 nolebat
1499 1753 1549 1784 eis
1579 1751 1848 1784 misericordiam
1878 1751 2087 1793 impendere.
2136 1750 2215 1788 Que

386 1807 528 1839 audiens
557 1808 714 1839 dominus
744 1808 924 1852 ,Coi-danus
955 1807 1113 1838 tractavit
1152 1817 1229 1838 cum
1253 1807 1404 1849 quodam
1444 1806 1567 1849 Ligato
1592 1805 1722 1836 domini
1757 1815 1846 1846 pape
1859 1804 1882 1842 ⁵,
1914 1804 1973 1846 qui
2001 1805 2037 1835 in
2071 1803 2210 1836 civitate

384 1861 567 1902 Neapolim
585 1860 791 1897 morabatur,
809 1861 903 1902 quod
927 1860 1073 1892 Romam
1098 1861 1288 1892 adcederet
1309 1860 1355 1891 ad
1372 1858 1594 1891 concordiam
1618 1858 1833 1890 tractandam
1857 1857 1945 1888 inter
1966 1857 2158 1889 Tribunum
2180 1862 2215 1888 et

384 1914 504 1955 ipsum.
553 1913 622 1950 Qui
645 1913 788 1956 Ligatus
805 1913 981 1945 adcedens
997 1913 1144 1944 Romam
1169 1913 1376 1954 operabatur
1393 1912 1566 1953 quoddam
1589 1917 1768 1942 tractatum
1785 1920 1861 1941 cum
1886 1910 1988 1941 certis
2002 1909 2214 1951 principibus
2237 1910 2278 1941 30

386 1968 477 1998 dicte
502 1968 668 1999 civitatis:
693 1967 786 2009 quod
810 1967 1014 2008 perveniens
1037 1967 1084 1998 ad
1107 1977 1208 1997 aures
1223 1966 1371 1997 Tribuni
1389 1965 1535 2006 expulsit
1558 1975 1635 1995 eum
1660 1970 1758 1995 extra
1775 1963 1958 2000 civitatem,
1982 1963 2041 2004 qui
2064 1962 2215 2005 Legatus

385 2021 474 2061 fugit
499 2020 853 2051 Montem-flisconem
868 2018 889 2051 ⁶.

473 2074 605 2105 Eodem
629 2074 822 2109 millesimo,
845 2072 904 2104 die
921 2073 988 2103 V11⁰
1004 2073 1127 2104 mensis
1143 2072 1356 2113 septembris·
1374 2072 1540 2103 Dominus
1557 2071 1792 2102 Bernardinus
1808 2070 1897 2101 filius
1913 2069 2041 2101 domini
2058 2069 2215 2100 Hostaxii

388 2127 431 2157 de
456 2126 601 2158 Polenta
626 2127 718 2168 cepit
742 2127 867 2157 fratres
891 2136 970 2157 suos
994 2125 1169 2158 dominum
1194 2125 1403 2157 pandulfum
1436 2131 1468 2156 et
1500 2125 1676 2156 dominum
1706 2123 1941 2159 Lambertum,
1971 2123 2142 2164 imputans
2165 2122 2216 2154 eis

385 2180 477 2221 quod
501 2180 663 2211 volebant
686 2180 797 2220 ipsum
821 2179 1013 2210 interficere
1039 2186 1072 2210 et
1095 2179 1180 2209 fecit
1206 2188 1264 2209 eos
1288 2177 1488 2209 carceribus
1518 2177 1662 2214 includi,
1695 2184 1728 2208 et
1750 2176 1905 2208 similiter
1935 2175 2032 2214 alios,
2055 2175 2115 2217 qui
2138 2185 2216 2206 cum
2239 2174 2279 2206 35

388 2233 527 2263 domino
559 2232 734 2263 pandulfo
765 2232 914 2268 fuerant,
946 2232 1084 2273 quando
1116 2231 1266 2263 detineri
1299 2238 1333 2262 et
1363 2230 1536 2262 carcerari
1567 2230 1652 2260 fecit
1683 2230 1859 2261 dominum
1891 2229 2157 2269 Bernardinum,
2181 2234 2216 2260 et

385 2285 519 2327 aliquos
544 2285 685 2316 mactari
710 2285 808 2322 fecit,
833 2291 866 2316 et
889 2285 1027 2326 accepit
1051 2285 1238 2316 dominium
1265 2284 1412 2315 civitatis
1436 2284 1604 2314 Ravenne
1630 2289 1663 2313 et
1687 2282 1823 2314 Cervie.

475 2339 609 2370 Eodem
633 2338 823 2374 millesimo,
851 2338 906 2369 die
933 2338 970 2368 x⁰
994 2339 1120 2369 mensis
1142 2337 1356 2378 septembris.
1402 2336 1568 2368 Dominus
1599 2335 1833 2366 Bernardinus
1858 2335 1901 2366 de
1924 2334 2070 2366 Polenta
2097 2333 2216 2366 habuit

387 2392 559 2423 civitatem
585 2392 721 2428 Cervie‚
747 2402 847 2432 quam
873 2391 985 2422 adhuc
1009 2391 1151 2422 tenebat
1176 2390 1335 2422 dominus
1359 2389 1549 2421 Pandulfus
1573 2389 1645 2420 eius
1670 2389 1789 2420 frater.

474 2444 607 2476 Eodem
631 2444 822 2482 millesimo,
845 2444 964 2475 xxvn⁰
987 2443 1201 2484 septembris.
1226 2443 1391 2475 Dominus
1414 2442 1562 2473 Iacobus
1587 2441 1744 2473 dominus
1759 2441 1909 2473 civitatis
1924 2440 2042 2472 Padue
2059 2440 2155 2472 venit
2171 2440 2216 2471 ad
2240 2440 2280 2470 40

387 2498 636 2538 parlamentum
659 2496 914 2528 Lendenariam
939 2507 1015 2527 cum
1041 2497 1180 2528 domino
1205 2495 1406 2528 marchione
1431 2494 1588 2536 Obicone
1613 2501 1679 2526 etc.

480 2660 499 2675 1.
520 2652 582 2675 litis
602 2653 626 2675 A
640 2653 664 2675 Β
682 2665 714 2668 -
735 2659 758 2683 3.
779 2652 932 2675 millesimo
958 2654 985 2675 et
1011 2660 1058 2675 om.
1085 2651 1162 2675 Mun.
1189 2664 1197 2667 -
1224 2651 1358 2674 dominus
1377 2649 1523 2681 dominus]
1544 2651 1676 2673 dominus
1696 2650 1773 2673 Mun.
1793 2663 1824 2665 —
1845 2655 1869 2679 5.
1889 2649 2052 2672 sebistensis
2080 2647 2156 2672 MUR.
2183 2661 2213 2666 —

391 2701 428 2717 11.
449 2694 602 2717 millesimo
621 2697 648 2717 et
667 2702 715 2717 om.
736 2694 811 2717 Mun.
833 2706 864 2710 —
889 2701 927 2725 13.
950 2692 1068 2724 evitare]
1089 2693 1219 2722 evitandi
1239 2692 1316 2716 MUR.
1336 2707 1367 2710 —
1391 2700 1430 2723 14.
1451 2691 1605 2716 interficere
1623 2700 1692 2715 corr.
1711 2691 1790 2714 Men.
1811 2705 1841 2707 —
1865 2697 1950 2722 14-15.
1969 2690 2122 2714 satellitem
2136 2689 2214 2714 Μυκ.

390 2748 421 2752 --
442 2742 484 2759 22.
504 2735 668 2767 designatos
687 2736 709 2758 A
722 2737 747 2759 B
765 2749 798 2752 ——
818 2741 858 2765 24.
879 2734 1072 2766 depredando]
1091 2735 1267 2766 deprendant
1287 2735 1311 2757 A
1325 2735 1350 2758 Β
1367 2747 1399 2751 ——
1421 2740 1461 2766 25-
1482 2734 1516 2757 ad
1537 2742 1629 2757 manca
1648 2734 1675 2756 in
1695 2734 1756 2756 AB
1776 2745 1807 2750 —
1828 2739 1870 2763 30.
1889 2731 2043 2763 quoddam]
2069 2732 2213 2762 quemdam

389 2786 458 2801 corr.
478 2777 556 2801 MUR.
577 2792 607 2795 —
629 2785 670 2808 40.
691 2777 795 2800 Eodem
817 2777 982 2808 millesimo]
1003 2777 1057 2800 Die
1076 2776 1153 2800 MUR.

479 2886 483 2900 ¹
508 2887 690 2910 Lambertino
710 2886 861 2914 Balduino,
882 2894 907 2909 v.
928 2886 1024 2915 Gru-rs,
1042 2890 1083 2916 op.
1103 2887 1157 2913 cit„
1177 2894 1203 2917 p.
1218 2886 1276 2916 780.
1419 2884 1429 2900 ³
1449 2885 1546 2909 Carlo.

478 2927 487 2942 ‘2
508 2928 626 2952 Niccoic')
647 2929 684 2952 111
706 2929 739 2952 de
758 2928 905 2952 Monoszlo
926 2936 1046 2951 vescovo
1066 2928 1094 2951 di
1116 2929 1198 2951 Nitra
1225 2929 1276 2951 rit·
1420 2926 1430 2941 ⁴
1450 2927 1572 2956 Marino,
1592 2934 1607 2950 a
1628 2933 1660 2957 24
1680 2926 1729 2950 kil.
1750 2926 1784 2949 da
1804 2925 1903 2949 Roma.
2248 2929 2279 2948 10

391 2971 489 2993 tadina
510 2971 639 2994 slovacca
659 2971 700 2993 sul
722 2971 802 2994 sintne
823 2972 975 3000 omonimo,
997 2978 1021 2994 v.
1042 2969 1139 2998 GAMs,
1158 2974 1198 3000 op.
1220 2971 1274 2998 cit„
1417 2968 1426 2982 ⁵
1446 2970 1603 2992 Bertrando
1623 2969 1655 2991 de
1676 2968 1765 2997 Deux,
1787 2976 1812 2991 v.
1832 2968 1932 2991 avanti
1951 2975 1967 2990 a
1987 2975 2013 2999 p.
2037 2967 2084 2999 164
2105 2970 2173 2991 nota
2192 2974 2217 2998 3.

393 3020 418 3042 p.
440 3018 498 3043 375.
1417 3009 1428 3024 ὅ
1448 3011 1667 3034 Montefiascone
1688 3018 1702 3034 a
1723 3009 1755 3034 16
1774 3010 1825 3034 kil.
1845 3010 1919 3033 circa
1939 3009 1972 3033 da
1992 3009 2118 3033 viterbo.
