2360 3603
388 256 458 290 152
1003 252 1316 287 CHRONICON
1346 252 1574 287 ESTENSE
2038 258 2088 292 [Α.
2109 261 2201 293 1347]

386 387 447 418 bus
470 386 698 426 infrascriptis
722 385 878 421 ducibus,
902 384 1050 425 regibus,
1074 383 1340 419 marchionibus,
1371 383 1561 419 comitibus,
1593 389 1630 414 ut
1654 393 1770 414 coram
1801 383 1908 421 nobis,
1941 390 1975 415 et
2005 385 2199 417 offitialibus

384 439 517 475 nostris,
541 448 740 479 comparere
765 437 914 468 debeant
927 437 1009 467 hinc
1026 437 1070 468 ad
1087 437 1211 468 testum
1236 436 1449 467 pentecostis
1465 436 1656 476 proximum
1674 446 1751 467 cum
1768 447 1884 467 eorum
1908 436 2037 468 iuribus
2054 437 2203 479 alioquin¹

381 502 400 522 a
425 491 517 522 dicto
541 491 685 522 termino
703 491 788 521 citra
809 490 1036 531 procedemus
1061 490 1104 519 de
1128 489 1213 526 iure,
1239 488 1323 530 quid
1348 489 1453 519 fuerit
1484 498 1634 519 necesse.
1688 488 1937 520 Nichilominus
1970 491 2014 521 ad
2046 491 2197 531 predicta

382 544 495 575 omnia
519 543 615 574 citari
639 543 785 574 facimus
808 542 1074 583 infrascriptos:'

212 638 305 656 0117.
472 627 644 657 dominum
669 625 870 668 Lodoycum
897 627 1019 656 ducem
1045 623 1213 667 Bayverie
2245 626 2262 656 5

470 680 642 711 dominum
669 679 835 711 Karolum
859 689 976 721 regem
1002 677 1143 710 Boemie

469 733 642 765 dominum
667 733 833 764 Comitem
859 732 1044 773 palatinum

470 785 645 817 dominum
668 786 792 817 ducem
816 785 999 817 Sacssonie
1013 787 1021 803 ¹

469 839 643 871 dominum
667 839 900 870 marchionem
925 839 968 869 de
992 838 1233 880 Brandiburgo

469 892 644 933 dominum
668 891 980 933 Archiepiscopum
1003 891 1240 933 maguntinum
1255 890 1265 906 ²
2228 893 2265 923 10

468 945 641 977 dominum
666 944 975 985 Archiepiscopum
997 950 1225 975 treverensem
1239 943 1250 959 ³

471 998 645 1029 dominum
669 997 967 1038 archiepiscopum
991 996 1136 1028 Colonie
1150 999 1170 1028 ⁴.

469 1082 597 1114 Omnes
620 1083 654 1113 in
686 1081 781 1113 dicta
806 1081 901 1113 Urbe
925 1087 958 1112 et
984 1082 1060 1113 loco
1084 1081 1174 1112 infra
1205 1082 1386 1113 terminum
1411 1082 1644 1123 supradictum
1677 1092 1791 1113 coram
1817 1081 1913 1113 nobis
1943 1088 1977 1113 et
2009 1081 2203 1113 offitialibus

386 1135 515 1167 domini
540 1134 645 1166 nostri
668 1144 758 1176 pape
783 1140 814 1165 et
837 1133 983 1165 Romani
1008 1133 1138 1175 populi,
1169 1133 1319 1166 debeant
1353 1134 1581 1175 personaliter
1614 1145 1834 1176 comparere:
1860 1134 2013 1177 alioquin
2034 1136 2204 1176 procede-

384 1198 457 1219 mus
480 1188 514 1219 in
539 1198 656 1219 eorum
678 1187 835 1219 absentia
859 1193 894 1219 et
917 1187 1147 1219 contumacia.
2231 1186 2268 1217 15

469 1241 662 1272 Indictione
688 1246 760 1278 xva,
784 1240 910 1271 mensis
941 1240 1082 1282 augusti,
1100 1240 1155 1271 die
1180 1240 1300 1281 primo,
1324 1240 1498 1282 publicata
1523 1242 1660 1272 fuerunt
1685 1241 1844 1282 predicta
1859 1241 1896 1271 in
1919 1241 2035 1282 platea
2058 1239 2205 1272 ecclesie

382 1294 616 1330 lateranensis,
640 1293 853 1335 presentibus
878 1294 1016 1325 domino
1049 1293 1179 1324 vicario
1210 1293 1340 1325 domini
1370 1304 1461 1335 pape
1475 1293 1497 1331 ⁵,
1525 1294 1665 1325 domino
1685 1293 1792 1325 Paulo
1825 1294 1882 1324 del
1913 1293 2034 1330 Come,
2067 1292 2205 1324 domino

383 1347 578 1379 Guttifredo
595 1346 726 1384 Scotto,
740 1347 846 1378 fratre
859 1346 991 1388 Jacobo
1008 1353 1212 1387 preceptore
1229 1347 1341 1378 sancti
1359 1347 1515 1388 Spiritus,
1534 1348 1640 1378 fratre
1658 1347 1808 1389 Ugolino
1825 1346 2050 1387 predicatore,
2069 1346 2208 1378 domino

387 1400 573 1432 Francisco
597 1400 640 1431 de
665 1399 831 1437 Velletro,
851 1399 989 1430 domino
1014 1399 1151 1441 Angelo
1176 1400 1219 1431 de
1237 1400 1397 1438 Tiburte,
1421 1400 1560 1431 domino
1584 1400 1726 1431 Matheo
1752 1400 1794 1430 de
1820 1400 1929 1431 Reate
1953 1399 2080 1436 iudice,
2104 1398 2206 1431 Petro

383 1453 509 1484 Donati
534 1452 700 1493 Granelli,
725 1458 758 1483 et
782 1452 889 1483 Paulo
914 1452 1042 1483 domini
1066 1452 1191 1494 Angeli
1217 1453 1259 1483 de
1284 1452 1431 1485 Fuscis'.
2229 1452 2271 1482 20

198 1511 262 1532 Mun.
278 1516 315 1534 ω
474 1506 607 1538 Eodem
638 1505 828 1536 millesimo.
875 1505 938 1536 Die
965 1505 1051 1548 jovis
1075 1515 1101 1536 11
1118 1504 1129 1520 ⁶
1161 1506 1286 1537 mensis
1310 1506 1453 1548 augusti.
1486 1506 1692 1548 Magnificus
1716 1505 1812 1537 miles
1836 1505 1994 1537 dominus
2019 1505 2207 1537 Niccolaus

383 1558 548 1596 tribunus,
571 1564 689 1590 rector
712 1564 744 1589 et
766 1558 975 1600 gubernator
1000 1558 1180 1600 magnifice
1198 1558 1315 1595 Urbis,
1332 1559 1450 1590 volens
1477 1559 1686 1600 amplificare
1718 1564 1842 1590 statum
1866 1558 1960 1589 dicte
1985 1558 2088 1595 urbis,
2105 1568 2210 1599 super

382 1612 533 1652 plateam
557 1612 665 1642 sancti
687 1611 855 1653 Johannis
879 1611 1052 1646 Laterani,
1068 1611 1102 1642 in
1128 1611 1269 1652 publico
1294 1612 1420 1653 populo
1444 1612 1529 1643 tecit
1552 1612 1748 1643 consecrari
1772 1617 1918 1654 quatuor
1941 1611 2080 1648 vexilla,
2103 1621 2208 1642 unum

385 1674 461 1695 cum
485 1664 592 1706 signo,
617 1665 709 1706 quod
734 1670 961 1695 consueverat
984 1670 1120 1705 portare
1151 1665 1338 1705 imperator
1363 1663 1617 1702 Constantinus,
1642 1664 1775 1696 scilicet
1797 1675 1899 1695 unam
1923 1664 2070 1706 aquilam
2095 1663 2208 1695 albam

386 1718 420 1748 in
445 1727 568 1758 campo
591 1717 696 1748 rubeo
721 1727 797 1748 cum
829 1719 911 1748 orbe
935 1717 996 1748 sub
1020 1717 1167 1758 pedibus
1190 1718 1272 1757 eius,
1297 1717 1415 1749 divixo
1440 1718 1547 1749 tribus
1570 1717 1738 1759 partibus:
1763 1719 1858 1759 quod
1883 1717 2044 1748 vexillum
2065 1715 2210 1749 tradidit
2232 1716 2273 1748 25

385 1770 516 1802 civibus
540 1770 702 1807 Peruxie;
728 1776 762 1802 et
785 1780 862 1802 cum
885 1770 1026 1802 tradidit
1042 1769 1197 1802 manibus
1220 1769 1357 1802 Sindici
1375 1771 1532 1802 comunis
1549 1770 1706 1807 Peruxie,
1730 1770 1951 1812 desponsavit
1966 1780 2043 1802 cum
2061 1769 2209 1812 quodam

385 1823 498 1859 anulo,
521 1829 554 1854 et
571 1823 755 1865 designans
771 1822 925 1866 Syndico
942 1823 1044 1854 dixit:
1070 1823 1168 1855 Vivat
1182 1824 1342 1855 memoria
1360 1824 1573 1855 Constantini
1587 1829 1619 1855 et
1636 1825 1813 1856 Perua-ini.
1860 1824 1898 1855 In
1915 1823 2068 1855 secundo
2084 1823 2210 1855 vexillo

387 1877 565 1919 designata
589 1883 663 1908 erat
686 1877 798 1908 Roma
821 1877 1039 1917 triumphalis
1064 1887 1140 1908 cum
1158 1876 1291 1908 duabus
1315 1876 1529 1915 dominabus,
1552 1887 1620 1908 una
1636 1877 1679 1908 ad
1702 1877 1959 1909 similitudinem
1984 1877 2122 1919 Ytalye,
2146 1876 2212 1908 alia

386 1930 431 1961 ad
454 1930 711 1961 similitudinem
737 1930 817 1961 fidei
846 1930 1048 1966 christiane3
1082 1935 1115 1961 et
1138 1929 1268 1961 habens
1300 1929 1463 1961 vexillum
1488 1930 1659 1966 manibus,
1691 1929 1791 1961 dixit:
1828 1930 1926 1961 Vivat
1954 1929 2144 1965 Florcntt‘m
2179 1935 2213 1961 et

388 1984 508 2014 volens
531 1983 668 2014 tradere
693 1983 801 2024 ipsum
824 1983 1038 2020 Florentinis,
1064 1993 1163 2014 nemo
1188 1983 1368 2024 respondit
1399 1994 1462 2024 pro
1487 1984 1546 2014 eis.
1593 1983 1749 2014 Tertium
1775 1983 1918 2014 tradidit
1943 1983 2079 2014 comuni
2104 1983 2211 2015 Sena-
2236 1984 2277 2015 30

387 2048 470 2073 rum,
495 2043 529 2068 et
552 2042 708 2078 quartum
732 2035 872 2067 tradidit
895 2036 1030 2067 comuni
1054 2036 1212 2067 Tuderti.
1259 2035 1335 2066 Hiis
1359 2036 1460 2067 factis
1476 2036 1598 2068 milites
1615 2036 1769 2067 comunis
1792 2036 1965 2068 Florentie
1990 2036 2213 2068 adcesserunt

385 2089 576 2120 Tribunum
600 2095 802 2121 excusantes
825 2099 872 2126 se,
895 2089 989 2131 quod
1013 2099 1082 2120 non
1105 2095 1315 2130 acceperant
1346 2089 1518 2127 vexillum,
1550 2090 1711 2131 quoniam
1739 2090 1915 2121 licentiam
1947 2100 2017 2121 non
2040 2089 2213 2122 habebant

386 2153 405 2173 a
428 2142 614 2179 Prioribus,
634 2148 747 2173 tamen
779 2142 987 2184 scripserunt
1011 2143 1069 2174 eis.
1117 2142 1251 2174 Deinde
1275 2142 1447 2174 Tribunus
1471 2142 1648 2174 hedificari
1680 2143 1766 2174 fecit
1790 2142 1940 2174 tabulam
1958 2153 2113 2184 acurram
2137 2153 2213 2175 cum

389 2194 518 2226 licteris
542 2195 652 2226 aureis
676 2195 710 2225 in
735 2201 835 2236 porta
866 2195 1010 2226 fratrum
1041 2195 1228 2232 Minorum,
1258 2195 1317 2226 ubi
1350 2195 1475 2226 dicitur
1505 2201 1623 2226 sancta
1654 2195 1766 2226 Maria
1798 2196 1841 2226 de
1872 2195 2089 2228 Laurecelo⁷
2117 2195 2213 2228 iuxta

388 2248 653 2289 Campfflolium,
684 2248 718 2278 in
746 2258 812 2289 qua
844 2248 1006 2289 scriptum
1039 2254 1127 2279 erat:
1160 2247 1342 2279 Niccolaus
1372 2259 1515 2285 severus,
1547 2253 1579 2279 ct
1601 2249 1752 2286 clemens,
1775 2248 1936 2280 liberator
1960 2249 2064 2290 urbis,
2086 2249 2214 2280 zelator
2237 2249 2276 2281 35

396 2300 527 2342 Ytalye,
550 2305 681 2332 amator
705 2301 794 2332 orbis
818 2305 850 2331 et
872 2301 1023 2332 tribunus
1046 2305 1224 2342 augustus:
1251 2307 1284 2332 et
1306 2301 1398 2332 istud
1421 2310 1556 2338 nomen,
1572 2312 1631 2332 seu
1649 2301 1783 2332 titulum
1801 2301 1911 2332 voluit
1926 2311 1989 2342 pro
2006 2312 2042 2332 se
2058 2302 2211 2343 proprio.

475 2354 606 2385 Eodem
630 2353 818 2385 millesimo.
864 2354 980 2385 Palam
1005 2353 1163 2385 omnibus
1180 2353 1468 2385 ambaxiatoribus
1499 2360 1533 2386 et
1564 2354 1766 2391 forenffibus,
1792 2353 2040 2386 ambaxiatores
2062 2353 2214 2386 comunis

388 2406 499 2438 Aretii
523 2406 719 2438 obtulerunt
742 2407 913 2438 civitatem
938 2405 1050 2437 Aretii
1075 2406 1215 2438 domino
1240 2406 1396 2438 Tribuno
1421 2407 1608 2445 antedicto,
1639 2412 1801 2449 rogantes
1830 2407 1952 2447 ipsum,
1980 2413 2016 2438 ut
2039 2406 2213 2448 reciperet

387 2469 532 2491 comune
555 2459 664 2490 Aretii
688 2459 724 2489 in
749 2458 954 2490 subiectum:
980 2459 1073 2500 quod
1097 2459 1294 2500 acceptavit
1311 2458 1466 2491 libenter.
1512 2460 1647 2491 Deinde
1670 2460 1808 2491 vocavit
1831 2460 1875 2490 ad
1891 2470 1927 2490 se
1952 2460 2144 2491 Guidonem
2170 2461 2213 2491 de

206 2523 299 2540 c.117v
389 2512 507 2543 l'Ixola
530 2512 679 2543 nobilem
705 2512 815 2543 civem
841 2511 1002 2544 civitatis'
1028 2513 1151 2549 Rome,
1169 2512 1223 2543 cui
1249 2512 1413 2543 adtribuit
1430 2513 1620 2544 dominium
1646 2513 1796 2544 civitatis
1812 2512 1924 2543 Aretii
1948 2512 2127 2551 antedicti,
2150 2512 2208 2554 qui
2233 2513 2273 2543 40

387 2564 502 2596 Guido
526 2565 776 2596 fraternitatem
807 2565 1015 2596 carissimam
1045 2566 1293 2596 demonstravit
1323 2565 1614 2597 ambaxiatoribus
1645 2565 1838 2603 antedictis,
1863 2571 1896 2597 et
1919 2565 2054 2596 insimul
2085 2566 2213 2608 gratias

390 2617 580 2648 retulerunt
604 2618 741 2649 domino
765 2618 919 2649 Tribuno
943 2623 1008 2650 etc.

477 2734 500 2751 2.
527 2729 687 2760 proximum
707 2737 798 2752 manca
818 2729 843 2752 in
863 2728 940 2753 MUR.
961 2743 991 2746 —
1013 2736 1037 2761 7.
1055 2730 1121 2759 dopo
1140 2729 1296 2761 palatinum
1316 2738 1397 2761 segue
1417 2731 1443 2753 in
1463 2731 1486 2754 A
1500 2731 1525 2754 B
1543 2730 1567 2753 d.
1587 2737 1678 2761 regem
1698 2729 1810 2753 Boemie
1829 2743 1862 2746 —
1884 2736 1923 2753 11.
1942 2728 2126 2753 Teverensem
2139 2729 2164 2753 A
2178 2742 2209 2746 —

390 2776 430 2793 20.
451 2768 578 2793 Gianelli
598 2771 622 2793 A
641 2783 672 2787 ——
695 2777 735 2794 21.
757 2769 805 2802 11⁰]
826 2777 862 2794 111
881 2771 959 2794 Mun.
980 2785 1010 2787 —
1032 2778 1120 2802 30-31.
1141 2773 1206 2801 dopo
1225 2771 1359 2795 Senarum
1380 2772 1405 2795 in
1426 2772 1449 2795 Α
1468 2780 1549 2803 segue
1570 2772 1651 2795 illum
1677 2771 1803 2795 Florent.
1829 2773 1938 2795 cancell.
1964 2779 2008 2795 con
2033 2780 2066 2794 un
2092 2771 2154 2802 rigo
2179 2785 2211 2788 —

392 2818 432 2842 31.
452 2811 502 2834 His
522 2811 598 2834 MUR.

480 2897 486 2913 ¹
506 2898 634 2922 Rodolfo
654 2899 673 2927 Ι,
693 2899 772 2931 figlio
793 2900 819 2923 di
843 2900 960 2924 Alberto
986 2900 1055 2924 duca
1082 2901 1108 2924 di
1129 2900 1275 2925 Sassonia-
1419 2903 1428 2918 ⁴
1449 2901 1608 2924 VValramus
1628 2901 1660 2924 de
1679 2899 1779 2924 Iiilich.
1817 2900 1922 2929 ΕυΒΕι,
1941 2904 1980 2930 op.
2002 2901 2055 2929 cit„
2075 2909 2100 2933 p.
2120 2899 2178 2924 206.

350 2947 362 2970 5
392 2940 584 2972 XVittemberg.
1417 2942 1427 2957 5
1447 2943 1529 2966 Frate
1548 2941 1708 2965 Raimondo
1728 2949 1849 2965 vescovo
1869 2942 1896 2965 di
1918 2942 2045 2965 Orvieto.

478 2980 488 2995 ²
509 2981 643 3005 Gerlacus
664 2983 696 3005 de
717 2983 832 3006 Nassau.
870 2983 974 3011 EussEL.
994 2988 1033 3013 op.
1054 2985 1106 3011 cit..
1127 2992 1153 3015 p.
1172 2984 1232 3015 336.
1417 2983 1427 2998 ⁶
1446 2984 1468 3007 Il
1489 2991 1502 3007 2
1524 2986 1623 3015 agosto
1644 2983 1730 3006 cadde
1751 2984 1846 3007 infatti
1869 2984 1897 3006 in
1917 2983 2041 3015 giovedi.
2244 2990 2275 3007 10

478 3021 488 3036 ³
503 3023 678 3046 Baldewinus
693 3024 724 3047 de
740 3023 918 3055 Liitzelburg.
933 3025 1039 3053 EUBEL,
1052 3029 1091 3055 op.
1106 3026 1160 3051 cit..
1174 3033 1201 3056 p.
1216 3032 1275 3056 5²3·
1420 3024 1430 3040 7
1449 3025 1475 3049 S.
1495 3025 1586 3049 Maria
1605 3025 1774 3048 d'Aracoeli.
