2360 3603
55 821 90 851 10

54 1072 88 1102 15

49 2098 88 2129 35

51 2437 92 2468 40

116 241 199 276 [AA.
219 242 415 274 1342-1343]
742 234 1050 270 CHRONICON
1078 235 1240 270 ESTEN
1247 235 1306 270 SE
1872 236 1883 269 l
1899 236 1939 270 15

115 364 228 396 rabilis
252 364 333 395 civis
358 363 501 395 civitatis
524 364 708 401 Florentie,
739 363 781 394 de
806 364 966 394 mandato
991 363 1119 394 domini
1149 364 1252 394 Ducis
1276 364 1403 395 domini
1429 364 1575 395 civitatis
1597 365 1781 401 Florentie,
1807 365 1866 396 ivit
1890 375 1946 395 ca-

114 423 217 448 strum
233 416 402 454 Laterine‚
416 417 449 446 in
466 427 532 457 quo
548 423 667 459 gentes
684 416 857 448 Florentie
875 416 1080 447 obsederant
1094 417 1266 448 dominum
1284 417 1380 448 Thor
1397 417 1587 458 predictum
1605 427 1681 448 cum
1697 418 1774 455 suis,
1791 418 1945 448 ini'micis

115 466 391 505 Bononiensium‚
416 473 449 498 et
471 467 580 498 relatu
603 466 685 497 dicti
709 467 837 497 domini
863 467 1001 508 Gerocii
1033 467 1231 497 dimiserunt
1253 477 1370 498 omnes
1399 467 1552 499 obsessos
1583 467 1616 498 in
1641 468 1733 499 dicto
1758 473 1867 498 castro
1896 468 1944 498 ire

115 527 330 560 quocumque
353 517 542 555 voluerunt,
567 523 712 558 excepto
737 517 827 558 quod
852 527 914 558 per
938 517 1128 548 districtum
1152 518 1325 549 Francisci
1350 519 1392 549 de
1417 518 1603 554 Ordjlaffis3
1629 524 1662 548 et
1685 519 1753 549 hoc
1776 518 1860 549 fecit
1884 518 1944 549 do-

115 568 223 599 minus
246 568 325 598 Dux
347 578 407 598 sua
430 567 567 609 propria
590 573 624 598 et
648 568 726 598 ficta
749 567 957 608 volunptate‚
981 573 1033 598 set
1057 568 1099 598 ad
1123 568 1224 598 finem
1248 569 1489 609 nequissimum
1513 574 1579 599 etc.

201 617 334 649 Eodem
358 618 545 655 millesimo,
569 618 625 649 die
650 627 740 649 xxm
758 618 881 648 mensis
898 617 1100 649 novembris.
1135 618 1352 649 Honorabilis
1369 619 1524 650 dominus
1548 619 1704 650 dominus
1719 619 1884 650 Mastinus
1900 620 1944 651 de

115 669 147 699 la
169 668 270 700 Scala
293 669 448 699 dominus
473 669 616 700 civitatis
633 669 780 705 Verone,
799 668 954 699 dominus
971 668 1110 699 Tadeus
1133 669 1176 699 de
1193 668 1345 709 Pepulis‚
1363 668 1518 700 dominus
1536 669 1714 701 Malatesta
1730 669 1772 700 de
1789 669 1944 701 Arimino

113 719 299 750 honorifice
324 719 544 750 adcesserunt
575 719 764 751 Ferrariam
787 719 831 750 ad
854 719 1101 760 parlamentum
1133 729 1209 750 cum
1233 719 1369 751 domino
1393 720 1588 751 marchione
1613 720 1768 762 Obicone
1801 726 1946 758 estense,

114 769 235 811 quibus
258 769 441 800 maximum
463 770 550 800 fecit
573 770 748 801 honorem.

200 820 333 851 Eodem
356 820 534 852 millesimo
559 826 593 851 et
615 830 742 851 mense.
789 820 979 851 Terexinus
1006 820 1091 851 filius
1122 820 1291 861 quondam
1324 820 1452 852 domini
1477 821 1642 852 Guidonis
1667 822 1709 852 de
1741 821 1945 863 Carignano‚

115 870 196 902 civis
220 870 362 901 civitatis
385 870 480 908 Fani,
507 881 582 902 cum
606 871 729 902 auxilio
754 870 961 902 marchionis
984 870 1149 908 Marchie‚
1175 870 1218 902 de
1249 871 1456 902 conscientia
1486 871 1666 902 multorum
1696 872 1822 903 civium
1854 871 1944 902 dicte

115 920 268 958 civitatis,
293 921 406 962 acepit
428 921 463 951 in
493 931 529 952 se
554 921 724 952 civitatem
752 921 836 951 Fani
868 931 968 962 quam
999 920 1175 952 rebellavit
1208 921 1345 953 domino
1378 921 1558 953 Malateste
1584 922 1626 952 de
1651 921 1819 953 Arimino:
1854 922 1945 963 quod

114 970 254 1002 audiens
278 971 467 1002 Pandulfus
482 970 487 986 ¹
507 971 593 1002 filius
617 971 698 1002 dicti
716 971 844 1002 domini
860 971 1053 1009 lilalateste,
1070 971 1127 1013 qui
1145 971 1380 1002 dominabatur
1399 972 1527 1003 civitati
1543 971 1675 1010 Pexari,
1698 972 1838 1003 recessit
1855 972 1946 1010 inde,

113 1027 147 1052 et
171 1031 246 1052 cum
269 1027 338 1052 toto
363 1031 462 1063 posse
487 1022 648 1063 equitavit
670 1022 810 1058 Fanum,
836 1027 870 1052 et
894 1021 1030 1052 intravit
1055 1022 1087 1052 in
1112 1022 1259 1063 quodam
1284 1028 1394 1054 castro
1419 1022 1509 1053 dicte
1535 1022 1689 1060 civitatis,
1714 1022 1805 1064 quod
1830 1029 1903 1054 erat
1927 1034 1947 1053 a

115 1072 219 1103 latere
242 1072 358 1109 maris3
382 1071 508 1104 deinde
540 1072 655 1103 exiens
682 1078 814 1114 portam
846 1079 880 1103 et
911 1077 1050 1114 pontem
1074 1071 1155 1103 dicti
1182 1073 1292 1109 castri,
1318 1073 1453 1104 intravit
1485 1072 1653 1104 civitatem
1677 1073 1772 1110 Fani,
1804 1073 1946 1104 viriliter

113 1121 243 1153 bellans
275 1132 350 1153 cum
384 1122 513 1154 civibus
545 1122 697 1160 civitatis,
728 1133 831 1164 quare
864 1122 986 1154 mortui
1018 1128 1094 1153 sunt
1126 1133 1167 1155 ex
1198 1123 1246 1153 eis
1279 1122 1408 1154 civibus
1439 1123 1544 1161 multi,
1577 1124 1634 1164 qui
1665 1130 1762 1154 erant
1784 1123 1941 1154 rebelles.

114 1171 247 1204 Deinde
270 1173 437 1204 recedens
461 1183 537 1204 cum
561 1173 630 1204 suis
652 1183 808 1204 reversus
840 1179 890 1204 est
912 1173 945 1203 in
971 1179 1080 1204 castro
1104 1173 1270 1214 predicto,
1304 1173 1349 1204 ibi
1374 1173 1520 1205 existens
1551 1179 1642 1205 tanto
1667 1175 1758 1216 quod
1791 1174 1945 1205 dominus

114 1223 295 1255 Malatesta
318 1223 391 1254 eius
413 1229 511 1265 pater
535 1223 598 1255 sibi
622 1223 747 1256 direxit
771 1224 942 1255 auxilium.

199 1273 331 1304 Eodem
355 1273 543 1311 millesimo,
569 1284 597 1304 Π
622 1274 747 1305 mensis
771 1273 972 1306 decembris.
1014 1274 1187 1316 Johannes
1211 1275 1337 1306 domini
1362 1275 1471 1306 Tadei
1498 1275 1540 1306 de
1565 1275 1703 1316 Pepulis
1725 1282 1758 1306 et
1790 1275 1946 1306 dominus

114 1324 294 1356 Malatesta
317 1323 360 1354 de
383 1323 537 1355 Arimino
562 1332 728 1356 venerunt
750 1324 942 1357 Ferrariam
966 1325 1009 1356 ad
1029 1325 1278 1366 parlamentum
1304 1335 1380 1356 cum
1403 1325 1539 1357 domino
1564 1325 1758 1356 marchione
1776 1325 1941 1366 Obicone.

199 1374 330 1406 Eodem
363 1374 554 1412 millesimo,
587 1385 623 1405 vr
656 1375 780 1406 mensis
811 1375 1011 1406 decembris.
1058 1376 1136 1406 Dux
1173 1375 1381 1407 Guarnerius
1413 1376 1610 1417 capitaneus
1634 1385 1757 1418 magne
1782 1376 1946 1407 sotietatis

112 1424 403 1455 Theotonicorum
426 1425 586 1456 tractavit
610 1425 830 1457 concordiam
854 1435 931 1456 cum
959 1425 1103 1456 dominis
1127 1426 1170 1456 de
1194 1425 1274 1467 liga,
1299 1425 1460 1457 videlicet
1483 1425 1620 1457 domino
1643 1426 1857 1463 Marchione,
1883 1426 1944 1457 do-

112 1475 203 1506 mino
226 1474 373 1506 Mastino
391 1480 456 1506 etc.
497 1474 566 1512 Qui
583 1475 781 1516 capitaneus
796 1475 891 1506 venit
908 1475 1076 1507 civitatem
1101 1476 1236 1514 Cende,
1262 1482 1295 1507 et
1319 1475 1365 1507 ibi
1390 1476 1565 1507 satisdedit
1589 1476 1770 1507 obstaticos
1793 1486 1882 1512 su05,
1906 1484 1942 1507 ut

112 1525 181 1567 liga
204 1531 275 1556 tota
296 1525 415 1556 melius
437 1532 553 1566 posset
577 1526 619 1557 de
645 1535 685 1556 eo
711 1532 744 1557 et
768 1526 834 1556 ah'a
857 1526 1013 1557 sotietate
1036 1526 1210 1557 confideri.
1257 1526 1349 1557 Dicti
1374 1526 1505 1558 ostatici
1531 1526 1691 1558 conducti
1716 1526 1853 1557 fuerunt
1876 1527 1943 1558 Βο-

114 1575 263 1612 noniam3
295 1582 376 1606 tunc
407 1575 497 1607 dicta
530 1576 597 1618 liga
628 1576 791 1607 miserunt
825 1576 996 1608 dominum
1030 1577 1244 1608 Malatestam
1278 1587 1354 1608 cum
1386 1576 1544 1608 maxima'
1576 1577 1761 1616 quantitate
1794 1577 1938 1617 pecunie

114 1626 159 1657 ad
181 1626 379 1657 faciendum
401 1636 508 1668 pagas
530 1626 759 1667 stipendiariis
782 1627 874 1658 dicte
897 1627 1072 1658 sotietatis.
1118 1627 1191 1658 Hiis
1214 1627 1326 1663 factis,
1353 1638 1428 1658 cum
1453 1627 1608 1658 omnibus
1631 1627 1695 1657 illis
1718 1627 1942 1668 personaliter

112 1679 275 1720 equitavit
298 1678 469 1709 civitatem
494 1678 578 1709 Fani
602 1679 794 1720 predictam
819 1678 1028 1716 rebellatam‚
1053 1679 1169 1720 ibique
1194 1679 1337 1710 firmavit
1362 1679 1558 1710 exercitum.

199 1731 332 1761 Eodem
355 1730 542 1769 millesimo,
566 1741 634 1762 xm
660 1731 861 1768 decembris,
885 1731 1015 1763 scilicet
1037 1732 1072 1762 in
1096 1731 1151 1763 die
1175 1739 1292 1763 sancte
1314 1732 1433 1763 Lucie.
1480 1731 1697 1763 Honorabilis
1713 1731 1868 1763 dominus
1886 1733 1946 1764 do-

113 1784 222 1814 minus
246 1783 427 1814 Malatesta
450 1783 633 1824 predictus,
658 1783 804 1814 existens
829 1794 904 1815 cum
929 1785 1080 1815 exercitu
1103 1784 1137 1814 in
1165 1783 1345 1816 obsidione
1370 1784 1462 1816 dicte
1492 1784 1635 1815 civitatis
1658 1785 1752 1822 Fani,
1778 1784 1946 1816 ordinavit

114 1836 206 1867 acies
229 1846 306 1866 suas
329 1835 534 1877 equestrium
559 1842 593 1867 et
616 1835 780 1876 peditum,
805 1828 925 1876 optans
948 1836 1138 1878 impugnari
1163 1837 1346 1868 civitatem:
1372 1846 1438 1877 que
1461 1836 1571 1867 omnia
1595 1836 1751 1868 videntes
1776 1837 1867 1868 cives
1900 1837 1946 1868 ci-

114 1888 235 1925 vitatis,
259 1898 328 1919 non
351 1894 526 1928 sperantes
550 1898 648 1928 posse
673 1897 709 1918 se
733 1888 934 1926 defendere,
960 1888 1137 1929 elegerunt
1162 1889 1343 1920 duodecim
1368 1899 1410 1920 ex
1434 1888 1631 1920 melioribus
1656 1889 1785 1920 civibus
1802 1889 1946 1921 civitatis

114 1940 210 1977 Fani,
234 1940 495 1981 direxeruntque
520 1950 578 1972 eos
601 1940 645 1971 ad
668 1940 914 1981 parlamentum
932 1951 1008 1971 cum
1025 1940 1163 1972 domino
1187 1941 1376 1978 Malatesta‚
1402 1948 1435 1972 et
1457 1951 1578 1982 pacem
1602 1947 1829 1973 tractaverunt
1845 1949 1946 1983 atque

114 1993 332 2024 firmaverunt
356 2002 431 2022 cum
456 2002 508 2030 eo,
532 1992 662 2033 sibique
686 1992 903 2023 restituerunt
928 1993 1100 2024 civitatem
1126 1994 1221 2024 Fani.

201 2044 332 2076 Eodem
355 2044 533 2075 millesimo
558 2050 590 2075 et
613 2053 740 2075 mense.
785 2045 960 2086 Johannes
990 2044 1118 2076 domini
1142 2045 1254 2076 Tadei
1278 2046 1321 2076 de
1346 2046 1493 2086 Pepulis.
1518 2046 1669 2077 marchio
1694 2046 1858 2087 Spinecta
1873 2047 1884 2064 Β
1915 2054 1948 2078 et

115 2097 270 2129 dominus
293 2096 478 2128 Ghibertus
501 2097 544 2128 de
569 2097 710 2139 Foyano
734 2097 922 2128 honorifice
953 2103 1121 2128 venerunt
1144 2097 1334 2129 Ferrariam
1359 2099 1403 2130 ad
1429 2098 1674 2139 parlamentum
1699 2109 1776 2130 cum
1808 2100 1946 2132 domino

113 2150 307 2181 marchione
330 2149 481 2192 Obicone
507 2155 651 2181 estense:
685 2149 809 2180 deinde
834 2150 888 2181 die
912 2159 959 2181 xv
984 2150 1067 2181 dicti
1100 2150 1222 2181 mensis
1246 2157 1461 2182 recesserunt
1484 2150 1527 2182 de
1561 2151 1726 2189 Ferraria,
1751 2158 1871 2184 euntes
1903 2154 1947 2185 ad

114 2203 296 2245 hospitium
319 2202 486 2234 Abaciam
509 2211 610 2243 super
641 2202 845 2234 Pollicinum
876 2202 1028 2245 Rodjgii.
1075 2203 1139 2233 Die
1165 2203 1242 2233 lune
1270 2203 1435 2244 sequenti,
1460 2203 1592 2235 iverunt
1613 2204 1807 2246 Lignagum
1830 2205 1946 2247 ibique

113 2256 314 2287 invenerunt
337 2255 510 2287 dominum
532 2254 718 2286 Mastinum
749 2255 792 2287 de
824 2255 856 2285 la
881 2254 983 2286 Scala
1014 2261 1047 2286 et
1079 2265 1154 2286 cum
1187 2266 1228 2286 eo
1253 2256 1472 2297 conloquium
1502 2256 1703 2295 habuerunt,
1728 2257 1784 2300 qui
1814 2259 1947 2300 recepit

114 2319 173 2341 eos
194 2308 400 2344 honorifice3
425 2307 552 2339 deinde
576 2307 705 2338 reversi
730 2313 808 2338 sunt
832 2307 874 2338 ad
899 2308 1026 2349 patrias
1049 2317 1136 2339 suas.

902 2434 1164 2477 MCCCXLHJ.

200 2536 265 2567 Die
289 2546 341 2567 vn
363 2536 519 2578 januarii.
544 2535 693 2577 Jacobus
715 2535 801 2566 filius
825 2534 953 2566 domini
971 2535 1093 2577 Tadey
1109 2535 1152 2566 de
1170 2534 1309 2576 Pepulis
1324 2537 1417 2566 venit
1434 2536 1623 2567 Ferrariam
1644 2537 1688 2568 ad
1704 2538 1949 2578 parlamentum

115 2599 192 2620 cum
216 2588 352 2621 domino
376 2588 572 2619 marchione
597 2588 761 2630 Obicone‚
786 2588 851 2619 alio
876 2588 933 2618 die
957 2588 1020 2618 ivit
1044 2588 1237 2630 Lignagum
1265 2588 1309 2619 ad
1332 2589 1576 2630 parlamentum
1611 2600 1687 2621 cum
1711 2590 1849 2622 domino
1872 2590 1948 2622 Ma-

206 2713 259 2737 2-3.
286 2706 408 2729 inimicis
435 2705 660 2729 Bononiensibus
679 2704 772 2733 MUR.;
792 2705 922 2729 inimicos
949 2705 1172 2729 senoniensium
1191 2706 1214 2728 Α
1235 2719 1267 2723 -
1289 2712 1329 2729 10.
1349 2706 1498 2730 millesimo
1518 2707 1546 2730 et
1565 2714 1614 2730 om.
1634 2706 1712 2731 MUR.
1731 2720 1762 2724 -
1786 2714 1824 2737 19.
1847 2708 1950 2732 Eodem

118 2746 275 2777 millesimo]
296 2746 337 2771 die
356 2747 433 2771 Mmz.
449 2760 479 2764 -
502 2754 543 2770 21.
569 2747 674 2770 Eodem
695 2746 851 2778 millesimo]
872 2747 916 2770 die
935 2747 1013 2771 Mun.
1032 2761 1064 2764 —
1085 2754 1125 2778 24.
1151 2747 1288 2771 confidere
1305 2755 1370 2770 corr.
1394 2747 1470 2771 Mun.
1485 2760 1517 2764 —
1533 2748 1574 2772 28.
1599 2748 1701 2772 Eodem
1728 2748 1885 2780 millesimo]
1905 2750 1951 2773 die

117 2788 194 2812 Mun.
209 2780 240 2806 -Ᾰ
254 2795 295 2820 30.
310 2790 474 2821 impugnare
492 2796 558 2811 corr.
578 2788 653 2812 Mun,
669 2801 702 2805 —-
721 2795 762 2819 31.
784 2795 812 2811 se
831 2796 877 2811 om.
892 2788 934 2815 A:
953 2789 1074 2819 togliamo
1093 2789 1127 2811 da
1148 2789 1225 2812 Mun.
1246 2802 1277 2805 —
1298 2795 1340 2819 33.
1359 2788 1467 2819 sibique
1485 2789 1665 2813 restituerent
1683 2790 1728 2817 B:
1747 2791 1777 2813 ut
1795 2791 1850 2814 sibi
1870 2792 1950 2814 resti-

118 2831 227 2854 tuerent
246 2831 322 2854 Mun.
340 2844 368 2847 —
391 2836 432 2861 34.
453 2829 600 2854 millesimo
619 2831 647 2853 et
666 2837 712 2853 om.
728 2829 856 2854 MUR.'—
872 2837 914 2859 41.
935 2830 969 2854 ad
988 2838 1035 2854 om.
1050 2831 1074 2854 Α

204 2906 212 2923 ¹
232 2908 367 2933 Pandolfo
377 2909 404 2932 11
414 2909 444 2932 di
457 2909 603 2933 Malatesta
613 2908 748 2932 l’Antico.
769 2909 812 2932 Da
823 2909 862 2933 lui
873 2909 939 2933 ebbe
952 2911 1006 2933 ori·
1062 2915 1126 2941 1325
1137 2917 1145 2939 ς
1157 2908 1227 2935 mod
1236 2910 1281 2934 nel
1297 2916 1371 2941 1373.
1392 2910 1437 2935 Ct.
1450 2911 1572 2940 Torum,
1584 2914 1622 2942 op.
1636 2911 1691 2939 cit..
1705 2911 1753 2942 IV,
1764 2919 1809 2944 pp.
1821 2912 1948 2945 328-329.

117 2954 182 2984 gine
193 2953 218 2977 la
231 2953 304 2977 nnea
318 2952 363 2976 dei
377 2952 520 2977 Malatesta
537 2953 645 2984 signori
659 2952 688 2976 di
701 2952 814 2978 Pesam.
839 2953 949 2985 Nacque
963 2953 1006 2977 nel
1139 2952 1149 2969 2
1168 2954 1297 2987 Spinetta
1317 2955 1483 2987 Malaspina.

1996 429 2069 451 Men..

2087 429 2121 447 w?

2032 1593 2097 1611 -95ν
