2360 3603
182 1444 255 1467 Mun„
270 1446 308 1468 462

391 251 459 291 174
1009 253 1321 288 CHRONICON
1349 253 1577 290 ESTENSE
2037 260 2087 295 [A.
2109 263 2202 297 1:350]

382 383 587 416 Bernardini
612 385 654 415 de
679 384 834 422 Polenta,
860 394 962 416 causa
986 385 1205 416 conducendi
1230 385 1431 416 Ravennam
1455 395 1594 417 uxorem
1617 395 1711 416 suam
1735 385 1906 417 dominam
1930 386 2079 418 Yliciam
2095 387 2198 419 filiam

385 437 554 479 magnifici
579 437 709 468 domini
732 437 861 468 domini
886 437 1051 479 Obiconis
1074 437 1282 468 marchionis
1305 438 1447 469 estensis
1470 443 1548 475 etc„
1571 438 1685 470 adhuc
1703 437 1849 469 adcessit
1873 438 1906 469 in
1930 439 2096 471 honorem
2116 440 2201 472 dicti

383 489 511 520 domini
534 490 747 521 Marchionis
771 490 946 521 Ferariam
975 490 1130 521 dominus
1161 490 1265 521 Canis
1296 490 1447 522 Grandis
1478 491 1520 522 de
1553 491 1584 522 la
1613 490 1733 527 Scala3
1765 496 1799 522 et
1830 491 1977 523 maxima
2008 497 2041 523 et
2073 492 2196 524 nobilis

382 543 478 574 curia
502 543 594 573 facta
618 548 669 574 est
692 542 728 573 in
751 543 907 574 Ferraria
931 553 1036 584 usque
1061 552 1126 574 xm
1151 543 1240 574 diem
1258 543 1341 574 dicti
1357 543 1497 580 mensis,
1513 549 1546 574 et
1563 544 1658 575 dicta
1674 544 1730 575 die
1745 544 1887 575 recessit
1903 544 2016 576 dictus
2039 545 2196 576 dominus

383 595 498 627 Guido
522 605 600 626 cum
624 595 698 626 eius
722 601 878 627 consorte
903 606 981 627 cum
1013 595 1204 627 honorabili
1235 596 1405 633 comitiva,
1436 596 1571 628 scilicet
1602 597 1740 628 domino
1772 597 1961 629 Francisco
1991 597 2199 636 marchione,
2245 599 2263 630 5

382 648 519 680 domino
543 647 804 680 Aldrovandino
828 649 898 680 filio
922 648 1130 680 marchionis
1153 648 1325 691 Obsponis,
1349 655 1382 680 et
1405 649 1479 680 aliis
1503 649 1674 681 nobilibus
1697 660 1802 692 usque
1827 650 2030 682 Ravennam
2055 657 2120 683 etc.

469 700 601 731 Eodem
625 700 814 738 millesimo,
829 701 882 732 die
908 701 1003 732 X1111⁰
1027 701 1239 742 septembris.
1284 701 1448 732 Dominus
1473 703 1663 744 Frignanus
1687 703 1730 733 de
1755 702 1787 734 la
1810 702 1913 734 Scala
1936 702 2085 735 existens
2108 703 2198 734 infir-

379 763 452 785 mus
475 753 509 784 in
535 754 688 785 exercitu
712 754 845 786 comitis
867 754 1096 786 Romandiole
1128 754 1246 785 volens
1276 754 1411 796 ingredi
1443 754 1614 793 Ymolam,
1645 755 1768 787 Comes
1798 755 1895 787 mixit
1926 765 2004 786 cum
2034 766 2075 787 eo
2107 756 2199 788 circa

380 806 472 837 mille
497 813 682 848 equestres,
705 807 762 849 qui
787 817 863 838 cum
887 807 935 838 ibi
959 808 1206 848 pervenissent,
1231 806 1342 839 subito
1367 807 1607 849 equitaverunt
1630 808 1843 845 Faventiam,
1875 814 1910 840 et
1940 808 2201 841 comburserunt

384 858 510 901 burgos
534 865 568 890 et
592 859 676 896 alia;
701 859 826 891 deinde
850 859 952 891 rediit
975 860 1157 891 exercitus,
2223 863 2263 894 10

468 912 599 943 Eodem
623 912 804 944 millesimo
829 919 861 944 et
885 923 1013 944 mense.
1060 912 1226 944 Dominus
1249 912 1402 944 marchio
1426 913 1536 955 Obico
1569 919 1633 945 etc.
1663 913 1725 945 ivit
1757 913 1941 950 Veronam,
1971 914 2030 946 ubi
2054 914 2197 956 aplicuit

381 965 436 996 die
462 974 536 996 xxv
558 965 760 1006 septembris
783 966 828 997 ad
852 966 1089 997 honorandum
1114 966 1288 997 dominum
1311 965 1496 997 Mastinum
1521 965 1563 998 de
1587 966 1620 997 la
1651 965 1764 1004 Scala,
1788 967 1845 1008 qui
1876 967 2067 999 tradiderat
2097 967 2198 998 filiam

379 1017 550 1060 Reginam
575 1018 609 1049 in
632 1028 771 1050 uxorem
795 1019 925 1050 domini
950 1017 1161 1050 Bernabovis
1185 1018 1408 1050 Vicecomitis
1422 1018 1442 1057 ¹,
1467 1019 1520 1050 cui
1545 1019 1682 1050 domine
1708 1019 1821 1051 dictus
1839 1020 1992 1052 marchio
2009 1020 2120 1062 Obico
2136 1021 2197 1052 do-

380 1071 475 1102 navit
498 1071 602 1102 multa
624 1070 849 1109 honorabilia,
873 1071 988 1113 ibique
1011 1072 1159 1104 adcessit
1181 1071 1339 1104 dominus
1355 1072 1505 1114 Jacobus
1519 1071 1530 1088 ²
1554 1072 1596 1103 de
1620 1072 1759 1104 Cararia
1784 1078 1848 1104 etc.

466 1123 598 1155 Eodem
623 1123 804 1156 millesimo
829 1130 862 1156 et
884 1135 1011 1163 mense,
1035 1125 1090 1155 die
1115 1125 1227 1156 xxvff.
1274 1124 1438 1156 Dominus
1467 1124 1617 1156 Maffeus
1641 1124 1846 1156 Vicecomes
1870 1125 1932 1157 ivit
1955 1125 2140 1164 Veronam,
2163 1131 2198 1157 et
2224 1125 2261 1156 15

379 1175 505 1208 deinde
531 1176 697 1208 conduxit
720 1177 888 1218 prefatam
914 1178 1087 1209 dominam
1110 1177 1282 1219 Reginam
1306 1177 1541 1209 Mediolanum
1565 1188 1640 1209 cum
1665 1178 1860 1210 honorabili
1883 1184 1918 1210 et
1939 1178 2122 1220 magnifica
2140 1188 2196 1210 co-

380 1229 499 1260 mitiva
523 1235 598 1266 etc„
622 1229 657 1261 in
681 1230 776 1261 cuius
799 1230 958 1263 sotietate
983 1231 1119 1261 iverunt
1141 1241 1249 1272 usque
1271 1230 1483 1262 Pischeriam
1508 1230 1665 1262 dominus
1695 1230 1874 1269 Mastinus‚
1906 1231 2064 1263 dominus
2086 1231 2197 1274 Obico

379 1282 533 1313 marchio
556 1283 712 1321 estensis,
733 1283 889 1314 dominus
912 1283 1073 1315 Albertus
1097 1283 1139 1314 de
1164 1283 1196 1314 la
1220 1283 1331 1320 Scala,
1349 1283 1506 1315 dominus
1521 1283 1670 1326 Jacobus
1687 1285 1730 1315 de
1747 1284 1898 1321 Cararia,
1923 1290 1956 1316 et
1972 1284 2030 1315 alii
2052 1283 2195 1320 nobiles,

381 1339 416 1365 et
439 1340 515 1375 post
538 1335 604 1366 hec
628 1335 756 1367 reversi
780 1341 858 1367 sunt
881 1342 995 1377 partes
1018 1347 1106 1367 suas.

466 1388 558 1419 Inter
582 1388 756 1420 dominum
779 1399 895 1430 regem
918 1389 1072 1431 Ungarie
1097 1394 1130 1420 et
1154 1388 1330 1421 dominum
1355 1390 1547 1431 principem
1572 1390 1736 1421 Tarantri
1761 1396 1834 1422 erat
1857 1401 1992 1433 guerra,
2021 1397 2055 1422 et
2085 1389 2196 1421 inimi·
2219 1390 2261 1421 20

384 1440 464 1472 citia
486 1441 642 1478 maxima,
666 1446 702 1472 ut
726 1446 820 1482 patet
842 1442 1019 1483 superius;
1043 1441 1215 1473 dominus'
1241 1442 1335 1483 Papa
1352 1442 1469 1473 volens
1486 1443 1708 1474 concordiam
1726 1448 1873 1474 tractare
1889 1444 1980 1474 inter
2003 1453 2072 1480 eos,
2089 1442 2197 1475 voluit

380 1494 474 1534 quod
497 1493 640 1535 quilibet
663 1504 780 1525 eorum
803 1494 983 1526 recederet
1013 1495 1106 1526 unde
1138 1501 1246 1532 erant,
1277 1495 1413 1526 scilicet
1443 1495 1603 1526 dominus
1633 1495 1803 1537 Princeps
1833 1502 1994 1538 pergeret
2022 1495 2197 1533 Avinioni‚

385 1546 462 1578 Rex
487 1556 568 1578 vero
591 1547 718 1578 reverti
744 1547 885 1578 deberet
907 1546 1110 1590 Ungariam'
1134 1554 1167 1579 et
1190 1547 1332 1590 quilibet
1356 1558 1474 1580 eorum
1505 1554 1594 1580 stare
1624 1549 1660 1580 in
1691 1549 1857 1590 predictis
1889 1549 1974 1581 locis
2005 1559 2111 1591 usque
2135 1558 2197 1590 per

380 1604 489 1631 totum
511 1609 661 1631 mensem
683 1600 806 1632 martii.
853 1601 985 1632 Tamen
1010 1601 1169 1632 dominus
1193 1601 1287 1643 Papa
1313 1607 1384 1633 erat
1410 1608 1598 1639 contentus,
1623 1602 1715 1644 quod
1731 1602 1831 1634 ambo
1848 1608 1963 1644 partes
1979 1602 2197 1634 dimicterent

381 1652 559 1684 Vicarium
583 1659 761 1691 terrarum,
786 1664 870 1695 quas
893 1654 1106 1691 obtinebant,
1130 1655 1241 1686 donec
1263 1654 1420 1686 dominus
1443 1654 1538 1696 Papa
1561 1655 1764 1687 sententiam
1788 1656 1936 1696 partium
1958 1655 2195 1696 predictarum
2218 1653 2259 1686 25

380 1705 585 1746 publicaret,
610 1713 643 1738 et
665 1706 692 1737 si
716 1716 823 1748 usque
855 1706 899 1738 ad
923 1707 1008 1738 illud
1039 1712 1173 1748 tempus
1202 1707 1391 1739 concordia
1423 1718 1490 1739 non
1521 1708 1636 1745 fieret,
1667 1708 1807 1740 volebat
1838 1708 2025 1750 quamlibet
2047 1708 2196 1749 partium

379 1759 507 1790 reverti
530 1769 629 1800 posse
653 1759 698 1791 ad
721 1760 899 1801 pristinum
923 1766 1058 1791 statum.

467 1812 599 1843 Eodem
623 1811 813 1844 millesimo.
859 1813 938 1844 Rex
962 1812 1115 1855 Ungarie
1139 1813 1317 1854 predictus
1339 1814 1511 1855 separavit
1533 1824 1569 1846 se
1591 1813 1636 1845 de
1653 1814 1805 1855 partibus
1821 1813 1944 1856 Apulie
1967 1819 2005 1845 ut
2028 1823 2141 1854 supra,
2164 1818 2197 1845 et

378 1864 550 1906 ingressus
574 1871 623 1896 est
646 1865 792 1897 Romam
817 1872 960 1907 propter
983 1865 1230 1908 indulgentiam
1254 1866 1462 1908 generalem,
1487 1873 1520 1898 et
1543 1867 1577 1898 in
1600 1866 1762 1899 brevibus
1793 1867 1915 1898 diebus
1945 1866 2088 1908 aplicuit
2110 1867 2194 1898 Fer-

377 1917 512 1956 rariam,
537 1917 673 1949 obviam
696 1917 751 1949 cui
775 1918 932 1950 dominus
955 1918 1066 1961 Obico
1090 1920 1243 1951 marchio
1260 1920 1355 1951 misit
1372 1919 1666 1951 Aldrovandinum
1683 1920 1788 1951 filium
1805 1920 1877 1951 eius
1900 1930 1977 1951 cum
2000 1918 2195 1951 honorabili
2219 1918 2261 1950 30

379 1971 538 2001 comitiva
561 1981 667 2012 usque
690 1970 892 2013 Argentam,
916 1977 950 2002 et
972 1978 1142 2004 venerunt
1173 1972 1365 2003 Ferrariam
1396 1973 1431 2003 in
1463 1973 1565 2004 domo
1597 1973 1683 2005 dicti
1713 1973 1845 2004 domini
1875 1972 2091 2005 Marchionis
2119 1981 2195 2004 curn

377 2023 507 2054 honore
531 2024 688 2056 maximo.
735 2024 815 2056 Alio
841 2024 896 2056 die
920 2024 1064 2056 recessit
1081 2025 1124 2057 de
1141 2025 1308 2063 Ferraria,
1326 2032 1360 2058 et
1375 2025 1549 2068 ingressus
1565 2032 1615 2058 est
1632 2025 1809 2058 Hostiliam
1827 2025 1955 2057 domini
1970 2024 2113 2057 Mastini
2129 2030 2196 2057 etc.

465 2076 596 2108 Eodem
620 2077 809 2114 millesimo,
834 2077 891 2109 die
916 2087 991 2109 xvn
1014 2078 1139 2110 mensis
1162 2078 1324 2111 octubris.
1358 2079 1451 2121 Ignis
1474 2079 1639 2111 maximus
1661 2079 1727 2111 fuit
1750 2079 1784 2110 in
1802 2079 1928 2120 palatio
1943 2079 2052 2110 veteri
2067 2077 2196 2110 domini

379 2130 600 2162 Marchionis.

465 2182 596 2214 Eodem
619 2183 808 2215 millesimo.
854 2183 1020 2216 Dominus
1044 2184 1219 2226 johannes
1243 2185 1287 2216 de
1311 2184 1450 2227 Pepulis
1468 2185 1625 2217 dominus
1641 2185 1806 2227 Bononie,
1832 2185 1952 2217 videns
1967 2195 2004 2216 se
2027 2184 2195 2227 impoten-
2218 2182 2259 2215 35

378 2241 447 2267 tem
470 2236 514 2267 ad
537 2236 763 2268 resistendum
789 2237 904 2269 comiti
928 2237 1161 2269 Romandiole
1186 2243 1220 2269 et
1242 2248 1340 2279 posse
1365 2249 1436 2276 suo,
1461 2244 1494 2270 et
1519 2248 1586 2270 non
1611 2238 1728 2270 valens
1752 2238 1892 2280 exigere
1916 2238 2002 2270 filios
2024 2248 2102 2270 suos
2119 2248 2196 2269 car-

378 2288 521 2325 ceribus,
544 2293 715 2331 tamquam
733 2290 931 2331 desperatus
947 2290 1120 2333 ingressus
1145 2296 1195 2322 est
1211 2289 1458 2332 Mediolanum,
1476 2291 1591 2333 ibique
1608 2290 1767 2323 tractavit
1792 2301 1868 2322 cum
1893 2291 2033 2323 domino
2057 2290 2193 2322 archie-

378 2341 520 2382 piscopo
543 2341 734 2373 Mediolani
766 2343 903 2374 tradere
934 2342 999 2375 sibi
1029 2343 1203 2376 civitatem
1235 2343 1390 2376 Bononie
1420 2354 1485 2386 pro
1517 2349 1613 2376 certa
1643 2344 1831 2386 quantitate
1863 2344 2022 2385 pecunie,
2051 2343 2094 2375 de
2126 2352 2194 2385 quo

378 2394 599 2426 demostravit
622 2394 917 2437 Archiepiscopus
949 2396 1048 2428 valde
1079 2402 1296 2433 contentum;
1328 2403 1362 2428 et
1392 2397 1458 2428 hiis
1488 2396 1634 2428 firmatis
1656 2397 1805 2434 insimul,
1836 2397 1994 2428 dominus
2015 2396 2192 2438 Johannes

378 2447 421 2478 de
444 2446 582 2488 Pepulis
605 2447 732 2479 redivit
755 2447 958 2480 Bononiam.
1005 2448 1086 2481 Post
1109 2459 1239 2491 paucos
1269 2450 1342 2481 dies
1372 2449 1529 2482 dominus
1560 2449 1855 2491 Archiepiscopus
1884 2449 1981 2481 mixit
2002 2449 2192 2480 Bononiam
2218 2447 2260 2479 40

382 2499 555 2531 dominum
577 2500 707 2544 Galeae
730 2501 802 2532 eius
826 2508 987 2543 nepotem
1011 2512 1088 2533 cum
1113 2502 1205 2534 circa
1220 2512 1247 2533 Μ
1273 2502 1499 2545 equestribus.
1546 2503 1611 2534 Die
1629 2503 1750 2534 xxm1⁰
1767 2502 1892 2534 mensis
1909 2501 2060 2534 octubris
2076 2507 2196 2534 contra

379 2552 612 2594 volunptatem
635 2554 759 2595 Populi
787 2553 1006 2586 bononiensis
1030 2555 1169 2587 intravit
1192 2555 1378 2593 civitatem,
1394 2562 1430 2588 ut
1445 2556 1714 2598 adimplerentur
1730 2555 1906 2598 promissa.
1954 2555 2086 2586 Tamen
2102 2554 2196 2586 cives

468 2689 491 2706 2.
510 2683 611 2714 adhuc]
633 2686 659 2707 et
679 2686 794 2717 propter
812 2685 865 2708 hoc
886 2685 962 2708 Mun.
990 2698 1021 2701 —
1047 2693 1070 2716 4.
1097 2684 1183 2716 diem]
1203 2685 1262 2709 dies
1284 2686 1395 2710 BMUR.
1422 2699 1453 2702 —
1483 2692 1522 2710 11.
1548 2686 1700 2709 millesimo
1720 2687 1747 2709 et
1765 2693 1812 2709 om.
1832 2684 1910 2710 Mra.
1929 2698 1937 2702 -
1957 2686 2022 2715 dopo
2041 2684 2193 2708 millesimo

381 2725 407 2748 in
427 2725 450 2748 A
470 2733 550 2757 segue
571 2726 615 2749 die
633 2732 702 2750 xnn
727 2727 855 2758 predicto
880 2729 988 2751 cancell.
1008 2735 1054 2751 con
1073 2736 1105 2751 tm
1125 2724 1187 2759 rig'o
1208 2740 1239 2745 -
1262 2735 1301 2759 15.
1321 2728 1423 2752 Eodem
1436 2745 1442 2752 .
1455 2744 1496 2752 ...
1516 2735 1608 2752 mense
1627 2736 1675 2752 om.
1695 2727 1771 2751 MUR.
1791 2741 1822 2745 —-
1844 2734 1883 2759 17.
1903 2727 2036 2751 dominus
2055 2726 2195 2750 Mastinus

381 2766 458 2790 Mun.
479 2780 509 2783 —
531 2773 570 2790 22.
590 2770 649 2791 erat
668 2768 780 2792 BMca.
802 2781 810 2785 -
830 2768 1003 2792 Avinionem
1023 2777 1092 2793 corr.
1112 2769 1190 2793 Mun.
1211 2783 1242 2787 —-
1263 2776 1304 2800 24.
1325 2770 1420 2794 ambae
1434 2778 1502 2794 corr.
1522 2770 1599 2794 MUR.
1614 2783 1645 2786 —
1660 2768 1700 2793 26.
1714 2769 1867 2800 quemlibet
1886 2770 1910 2793 A
1923 2770 1948 2792 Β
1967 2782 1998 2785 -
2019 2774 2060 2800 27.
2078 2769 2105 2792 in
2124 2776 2194 2792 mar-

378 2809 445 2840 gine
464 2809 494 2832 di
511 2810 535 2832 A
556 2816 603 2832 rex
622 2810 753 2841 Ungarie,
773 2811 845 2839 forse
865 2811 894 2834 di
910 2811 1001 2841 prima
1021 2819 1106 2836 mano.
1126 2811 1152 2834 in
1177 2812 1280 2835 corsivo
1307 2825 1338 2828 —
1359 2819 1399 2843 ²9-
1419 2812 1513 2836 brevis
1533 2812 1556 2836 A
1569 2813 1593 2836 Β
1612 2825 1643 2830 ·—
1664 2810 1705 2842 36.
1721 2812 1810 2841 primo
1829 2813 1855 2835 et
1874 2819 1921 2835 om.
1941 2811 2018 2835 MUR.
2037 2824 2070 2828 —-
2088 2817 2130 2842 39.
2151 2811 2195 2834 de·

382 2852 553 2874 monstravit
572 2851 649 2876 Mun.
669 2864 678 2869 —
699 2859 726 2876 se
745 2853 911 2876 contentum
930 2852 1010 2878 MUR.
1030 2866 1038 2870 -
1058 2853 1103 2877 his
1121 2853 1199 2878 th.
1220 2867 1251 2871 —
1272 2861 1312 2884 41.
1333 2853 1497 2878 Galeazium
1515 2854 1628 2878 BMUR.
1649 2867 1680 2870 —
1700 2860 1742 2885 4²·
1762 2853 1921 2886 civitatem]
1941 2853 2098 2877 Bononiam
2117 2852 2194 2876 MUR.
2243 2857 2257 2883 5

382 2904 390 2908 —
411 2894 526 2924 propter
545 2894 619 2916 cives
638 2893 715 2917 Mun.

468 2979 477 2995 ¹
496 2980 519 3004 Il
533 2981 715 3005 matrimonio
728 2988 774 3005 era
788 2984 862 3006 stato
877 2983 1056 3014 prestabilito
1070 2982 1105 3006 fin
1121 2983 1167 3007 dal
1185 2990 1260 3015 1343·
1324 2984 1474 3012 Veronense,
1496 2985 1600 3013 ibidem,
1619 2983 1692 3013 VIII,
1710 2984 1770 3016 (253.

379 3020 424 3045 Cf.
447 3022 548 3045 Histor.
570 3023 758 3053 Cortusiorum,
780 3025 842 3047 RR.
865 3025 902 3048 ΙΙ.
923 3025 982 3053 SS..
1002 3025 1062 3055 XII,
1080 3032 1146 3057 933;
1164 3026 1258 3049 chron.
1400 3024 1411 3040 ²
1430 3026 1531 3049 Iacobo
1550 3025 1586 3049 da
1605 3025 1726 3050 Can-ara
1739 3032 1785 3049 era
1804 3032 1858 3049 avo
1873 3026 2000 3049 materno
2015 3023 2090 3048 dena
2103 3030 2195 3056 sposa.
2227 3030 2259 3047 10
