2360 3603
215 1132 234 1147 c.
249 1127 298 1149 Sjr

332 2836 342 2861 5

377 229 422 265 98
1009 225 1319 262 CHRONICON
1347 225 1575 262 ESTENSE
2039 233 2090 267 [A.
2112 236 2204 268 1329]

1129 388 1418 422 MCCCXXVIH
1419 390 1450 433 J.

459 483 631 523 Tempore
657 479 869 521 carnisprivii
894 478 1064 521 magnifici
1090 477 1219 510 domini
1242 477 1372 510 domini
1395 478 1598 521 Raynaldus
1623 484 1657 511 et
1680 479 1790 521 Obico
1815 480 2030 513 marchiones
2058 487 2207 514 estenses

374 535 477 577 dirigi
508 534 666 565 fecerunt
696 543 798 574 super
827 531 976 573 plateam
1008 530 1161 562 comunis
1191 530 1219 561 F
1223 530 1351 562 errarie
1375 531 1533 563 trabacas
1556 538 1589 563 et
1611 531 1824 573 pavilliones,
1848 532 1910 564 sub
1935 533 2057 575 quibus
2084 534 2207 565 multos

372 587 468 619 ludos
492 593 525 617 et
548 586 615 616 alia
637 584 763 628 gaudia
791 583 967 615 faciebant
983 593 1060 614 cum
1077 582 1210 614 civibus
1233 588 1267 614 et
1283 582 1355 614 aliis
1371 583 1565 615 forensibus
1582 583 1806 615 existentibus
1821 584 1857 615 in
1879 584 2049 617 Ferraria.
2095 586 2207 618 Etiam

373 640 619 671 constituerunt
642 648 745 669 unum
770 637 1013 678 Imperatorem
1036 641 1178 677 propter
1200 635 1400 673 sollactium‚
1417 636 1549 668 scilicet
1566 636 1739 669 dominum
1756 637 1930 680 ‚Cagayam
1953 637 2094 670 militem
2112 639 2205 670 curie

372 692 541 724 dictorum
564 689 814 727 Maxehionum,
839 695 873 721 et
896 699 998 720 unam
1021 688 1275 730 imperatricem
1297 698 1484 730 pauperem
1509 689 1727 721 domicellam
1752 689 1794 721 de
1819 689 1987 728 Ferraria,
2012 696 2045 722 et
2068 691 2206 723 honori-

372 745 435 777 fice
459 744 649 780 inductam3
675 748 709 774 et
731 741 778 773 ibi
801 742 835 773 in
861 741 954 774 dicto
979 742 1055 773 loco
1079 741 1251 778 mulieres,
1275 750 1409 780 uxores,
1434 741 1598 780 homines,
1626 742 1725 783 parvi
1758 749 1792 774 et
1815 742 1931 784 magni
1953 742 2049 776 ibant
2072 744 2116 775 ad
2147 755 2207 776 cu-

370 798 452 829 riam
476 796 666 838 predictam
690 795 733 826 ad
758 794 939 836 prandium
965 799 999 826 et
1023 804 1144 825 cenam
1170 803 1246 825 cum
1269 793 1414 826 maximo
1431 794 1575 837 gaudio3
1600 800 1635 826 et
1658 794 1825 826 facientes
1841 794 2052 828 diversarum
2075 796 2208 838 specie-

371 862 444 882 rum
469 849 576 887 ludos,
602 854 645 886 et,
670 853 807 889 sumpto
831 846 992 889 prandio,
1017 846 1244 878 astiluderunt
1267 857 1370 888 super
1392 847 1551 888 plateam,
1576 853 1609 879 et
1632 847 1785 879 similiter
1817 847 1946 879 domini
1976 847 2208 886 Marchiones,

371 909 405 935 et
428 912 550 934 uxores
574 912 755 933 eorum....
780 900 902 932 Finitis
925 899 1080 931 omnibus
1104 899 1233 932 domini
1257 899 1488 938 Marchiones,
1513 910 1628 931 amore
1645 900 1721 939 Dei,
1739 899 1865 932 dictam
1883 900 2101 932 domicellam
2124 911 2207 942 pau-

371 966 487 997 perem
510 955 726 987 tradiderunt
749 954 785 984 in
809 963 948 984 uxorem
974 952 1110 984 cuidam
1135 952 1226 984 bono
1251 952 1382 983 notario
1407 952 1498 984 dicte
1526 953 1677 985 civitatis
1709 963 1786 984 cum
1817 953 1955 984 decenti
1985 952 2142 989 mobilia3
2171 958 2205 984 et

372 1009 493 1041 eodem
516 1018 593 1039 sero
617 1007 782 1038 maximus
805 1006 892 1048 ignis
915 1006 980 1037 fuit
1003 1005 1038 1036 in
1063 1005 1229 1037 canonica
1253 1004 1346 1036 iuxta
1370 1005 1602 1047 episcopatum
1628 1006 1796 1038 Ferrarie.

458 1061 590 1094 Eodem
613 1060 792 1091 millesimo
816 1059 871 1090 die
897 1068 974 1090 xxu
999 1058 1124 1090 mensis
1147 1057 1270 1089 martii.
1317 1057 1489 1090 Restituta
1512 1059 1652 1090 fuerunt
1675 1059 1834 1090 sacrifitia
1859 1064 1891 1090 et
1915 1058 1982 1090 alia
2008 1058 2111 1090 offitia
2141 1059 2209 1090 Ec-

375 1113 490 1146 clesie'
517 1124 558 1145 ex
580 1119 677 1155 parte
702 1111 830 1144 domini
860 1122 948 1152 pape
981 1111 1113 1143 civitati
1144 1110 1303 1142 Ferrarie
1328 1116 1362 1142 et
1389 1110 1571 1142 districtui:
1605 1121 1710 1153 quare
1740 1111 1921 1143 maximum
1951 1111 2114 1154 gaudium
2145 1111 2209 1142 fuit

372 1167 536 1200 omnibus.

457 1220 591 1252 Eodem
614 1218 794 1250 millesimo
812 1218 854 1250 de
872 1227 987 1248 mense
1005 1216 1139 1259 aprelis.
1163 1217 1363 1258 Imperator,
1381 1216 1438 1259 qui
1455 1217 1606 1248 Bavarus
1624 1217 1821 1255 vocabatur,
1838 1217 1982 1249 recessit
1998 1217 2041 1249 de
2058 1215 2210 1258 partibus

371 1274 509 1311 Tuscie,
532 1271 711 1304 transitum
735 1270 869 1302 faciens
893 1281 995 1312 super
1019 1269 1175 1302 districtu
1199 1269 1319 1301 Parme
1344 1275 1377 1301 et
1399 1269 1488 1301 ultra
1511 1269 1642 1301 Padum
1665 1280 1772 1312 usque
1790 1269 1952 1302 Caxalem
1975 1269 2141 1301 maiorem
2165 1269 2208 1300 de

371 1327 527 1359 districtu
549 1326 729 1363 Cremone‚
753 1329 787 1355 et
810 1324 951 1356 recessit
975 1323 1009 1354 in
1032 1322 1259 1354 Alemaniam.

459 1378 589 1411 Eodem
612 1377 788 1409 millesimo
805 1375 848 1408 de
865 1387 981 1408 mense
1005 1376 1119 1407 madii.
1143 1375 1293 1408 Domina
1309 1375 1431 1419 Ylysia
1447 1375 1602 1414 estensis,
1627 1386 1724 1408 soror
1748 1376 1960 1408 dominorum
1973 1375 2210 1407 marchionum

371 1432 544 1475 Raynaldi
568 1436 602 1463 et
625 1430 802 1472 Obiconis‚
827 1429 912 1461 obiit
936 1428 972 1459 in
996 1429 1168 1466 Ferraria3
1195 1435 1230 1461 et
1252 1429 1422 1471 sepultum
1447 1439 1570 1470 corpus
1587 1427 1632 1460 ad
1649 1429 1760 1460 locum
1776 1429 1919 1461 fratrum
1934 1429 2108 1461 Minorum
2133 1438 2209 1459 cum

371 1485 518 1516 maximo
542 1484 690 1520 honore3
715 1488 748 1515 et
772 1488 851 1513 tunc
877 1482 1063 1523 capitulum
1086 1481 1302 1524 provinciale
1327 1481 1412 1514 dicti
1436 1481 1566 1514 ordinis
1590 1481 1719 1513 factum
1743 1487 1793 1513 est
1816 1482 1851 1513 in
1874 1482 2041 1513 Ferraria.

462 1537 593 1569 Eodem
609 1535 785 1568 millesimo
803 1535 845 1566 de
862 1545 978 1566 mense
993 1534 1077 1576 julii.
1106 1534 1326 1566 Honorabilis
1344 1535 1500 1567 dominus
1517 1535 1674 1566 dominus
1691 1534 1795 1567 Canis
1812 1535 1855 1566 de
1873 1535 1905 1566 la
1922 1534 2034 1572 Scala,
2053 1534 2210 1566 dominus

372 1591 523 1628 Verone,
547 1589 666 1622 habuit
689 1594 722 1620 et
745 1588 892 1620 obtinuit
916 1587 1101 1619 dominium
1126 1587 1275 1619 civitatis
1299 1587 1447 1619 Trivixii
1471 1593 1505 1619 et
1529 1587 1711 1619 districtus.

458 1644 592 1676 Eodem
615 1641 791 1673 millesimo
815 1646 849 1672 et
871 1651 999 1672 mense.
1023 1640 1207 1672 Predictus
1231 1640 1385 1672 dominus
1411 1640 1513 1673 Canis
1537 1639 1580 1672 de
1606 1639 1638 1671 la
1662 1640 1764 1672 Scala
1787 1640 1871 1673 obiit
1894 1640 1928 1671 in
1956 1639 2050 1672 dicta
2074 1639 2209 1672 civitate

372 1696 519 1729 Trivixii
533 1697 553 1728 ¹.
599 1695 700 1727 Tunc
724 1693 900 1726 constituit
923 1703 1000 1725 suos
1023 1693 1169 1726 heredes
1192 1692 1364 1725 dominum
1388 1692 1570 1725 Albertum
1594 1698 1629 1725 et
1652 1691 1829 1725 dominum
1845 1693 2032 1725 Mastinum
2050 1698 2084 1725 et
2106 1692 2210 1724 totius

372 1749 609 1784 dominationis
632 1759 701 1780 sue.

458 1801 588 1835 Eodem
612 1800 795 1832 millesimo
823 1805 857 1831 et
880 1810 1005 1831 mense.
1030 1799 1198 1832 Dominus
1221 1799 1414 1831 Cardinalis
1446 1805 1480 1831 et
1512 1799 1634 1842 ligatus
1666 1804 1768 1841 atque
1793 1799 1950 1831 dominus
1976 1798 2132 1831 Bononie
2159 1797 2211 1829 di-

370 1857 455 1889 rexit
478 1855 664 1887 exercitum
687 1853 869 1884 maximum
894 1853 989 1885 circa
1014 1852 1185 1885 civitatem
1209 1852 1375 1884 Faventie
1399 1852 1434 1883 in
1460 1852 1686 1890 obsidionem,
1710 1852 1759 1883 sic
1784 1857 1818 1884 et
1833 1851 1956 1891 taliter,
1970 1850 2063 1894 quod
2085 1850 2211 1884 Alber-

370 1909 543 1953 ghettinus
555 1908 578 1947 ²,
603 1907 661 1950 qui
685 1905 923 1939 dominabatur
947 1905 1038 1937 dicte
1063 1905 1206 1943 civitati,
1220 1904 1361 1937 tradidit
1384 1905 1555 1937 civitatem
1580 1905 1673 1937 dicto
1698 1904 1837 1936 domino
1862 1904 1967 1948 ligato
1985 1914 2061 1936 cum
2086 1903 2211 1936 fiducia

369 1971 428 1993 sue
451 1969 597 2002 persone
623 1963 657 1990 et
680 1968 828 1989 suorum.
874 1956 957 1988 Post
980 1957 1046 1988 hec
1071 1955 1184 1988 dictus
1203 1956 1397 1989 Cardinalis
1420 1955 1603 1988 destinavit
1627 1956 1671 1987 ad
1695 1956 1848 1988 confines
1872 1955 2003 1987 dictum
2027 1954 2212 1998 Alberget-

370 2012 476 2044 tinum
500 2011 545 2042 ad
577 2009 749 2040 civitatem
779 2007 936 2039 Bononie
960 2006 1022 2039 sub
1047 2006 1244 2039 obedientia
1272 2005 1358 2039 dicti
1383 2005 1589 2038 Cardinalis.

458 2062 591 2096 Eodem
614 2061 793 2093 millesimo
817 2061 860 2092 de
884 2070 1001 2092 mense
1025 2059 1241 2102 septembris.
1266 2059 1433 2092 Dominus
1456 2061 1608 2098 Marcus,
1633 2061 1740 2092 frater
1763 2059 1894 2091 domini
1918 2059 2047 2102 Galeac
2063 2059 2212 2091 viceco-

370 2116 458 2149 mitis
480 2115 680 2153 Mediolani,
706 2114 855 2146 existens
880 2118 1074 2145 carceratus
1099 2113 1143 2145 ad
1166 2113 1367 2155 petitionem
1391 2113 1520 2145 domini
1543 2112 1695 2156 Acconis
1718 2112 1942 2145 Vicecomitis
1966 2113 2038 2144 eius
2064 2111 2211 2154 nepotis,

370 2169 515 2212 proiecit
538 2173 645 2201 semet
670 2174 768 2199 extra
791 2165 973 2208 quamdam
997 2167 1184 2199 fenestram
1207 2177 1315 2209 usque
1339 2173 1477 2205 terram,
1500 2172 1642 2208 propter
1665 2165 1759 2209 quod
1782 2166 1893 2198 statim
1918 2165 2093 2208 expiravit.

456 2222 589 2255 Eodem
614 2220 793 2253 millesimo
822 2225 855 2252 et
886 2230 1003 2251 mense
1026 2220 1061 2251 in
1086 2220 1244 2252 Ferraria
1266 2219 1404 2252 valebat
1427 2219 1548 2252 starius
1571 2220 1735 2252 frumenti
1767 2219 1893 2252 solidos
1916 2228 1994 2251 XXII
2019 2218 2213 2251 bononien-

369 2276 456 2308 sium
479 2285 683 2319 grossorum,
708 2272 863 2305 fabarum
887 2271 1015 2304 solidos
1038 2282 1097 2311 xx,
1122 2273 1245 2305 melice
1261 2273 1389 2305 solidos
1406 2283 1458 2304 ΧΗ
1483 2278 1516 2304 et
1540 2272 1694 2305 similiter
1711 2273 1754 2304 de
1780 2272 1869 2310 aliis;
1895 2278 1928 2304 et
1952 2272 2088 2305 duravit
2103 2282 2211 2314 usque

369 2334 504 2370 tempus
526 2338 662 2359 novum.

457 2379 589 2413 Eodem
614 2379 792 2411 millesimo
817 2383 851 2410 et
875 2389 990 2411 mense
1016 2378 1220 2411 decembris.
1254 2379 1444 2411 Ghibellini
1469 2379 1619 2411 civitatis
1642 2378 1778 2411 Mutine
1810 2388 1979 2410 rumorem
2011 2378 2214 2420 inceperunt

369 2434 405 2465 in
429 2434 523 2465 dicta
546 2433 685 2465 civitate
710 2437 828 2463 contra
852 2431 998 2464 Guelfos
1022 2432 1114 2464 dicte
1139 2432 1302 2470 civitatis,
1325 2438 1360 2464 et
1376 2432 1492 2464 taliter
1507 2437 1777 2474 supersteterunt
1797 2430 1994 2468 Ghibellini,
2012 2431 2104 2473 quod
2127 2431 2213 2462 mul-

371 2493 423 2519 tos
446 2486 591 2519 Guelfos
615 2485 827 2522 occiderunt,
851 2490 885 2516 et
907 2484 1035 2527 ubique
1058 2495 1120 2526 per
1145 2485 1333 2523 civitatem,
1358 2485 1451 2528 quod
1483 2485 1746 2527 reperiebantur
1770 2484 1894 2521 Guelfi,
1925 2484 2051 2516 mortui
2080 2489 2178 2515 erant
2190 2482 2211 2514 ³.

457 2598 483 2625 6.
502 2605 651 2632 pauperam
669 2598 693 2621 Α
707 2611 739 2615 -
756 2604 796 2622 10.
810 2598 872 2629 dopo
891 2604 988 2622 eorum
1008 2598 1103 2620 lacuna
1122 2598 1152 2620 di
1169 2606 1222 2621 una
1238 2598 1332 2628 parole
1351 2599 1380 2621 in
1399 2598 1422 2621 Α
1434 2598 1458 2620 B
1474 2611 1503 2614 —
1522 2604 1609 2622 10-11.
1624 2604 1772 2629 pauperam
1793 2597 1816 2620 A
1831 2611 1863 2614 —
1880 2603 1919 2628 19.
1934 2596 1977 2619 nel
1989 2595 2108 2626 margine
2127 2596 2157 2618 di
2173 2596 2209 2618 si-

372 2643 455 2665 nistra
473 2642 503 2664 in
522 2641 563 2663 A:
583 2647 657 2664 mors
676 2639 788 2663 domine
807 2640 913 2672 Alycye
933 2653 966 2657 ——
987 2646 1028 2664 20.
1047 2640 1110 2670 dopo
1129 2640 1267 2670 sepultum
1287 2640 1366 2664 Mun.
1385 2647 1446 2671 agg.
1459 2639 1513 2663 fuit
1533 2653 1565 2657 —
1585 2646 1628 2670 ²4·
1647 2639 1691 2662 nel
1709 2639 1827 2669 margine
1847 2639 1877 2661 di
1893 2639 2003 2661 sinistra
2022 2639 2051 2660 iu
2068 2637 2092 2660 A
2104 2645 2112 2660 .-
2134 2637 2211 2661 Mors

371 2683 479 2707 domini
499 2682 585 2706 Canis
606 2695 636 2698 —
658 2688 698 2712 25.
718 2682 747 2705 et
761 2681 851 2712 prima
865 2682 895 2704 di
912 2681 1000 2705 totius
1019 2689 1067 2705 om.
1087 2682 1165 2705 Mun.
1185 2695 1217 2699 —
1238 2689 1279 2713 31.
1300 2682 1482 2705 obendientia
1496 2682 1520 2704 A
1539 2695 1571 2699 —
1591 2688 1633 2712 32.
1648 2681 1691 2704 nel
1709 2682 1828 2711 margine
1847 2680 1876 2703 di
1893 2681 2003 2702 sinistra
2022 2679 2051 2702 in
2070 2679 2094 2702 A
2106 2687 2114 2702 .·
2135 2679 2212 2702 Mors

370 2724 479 2749 domini
502 2724 592 2747 Marci
617 2723 792 2747 vicecomitis
819 2736 850 2739 —
881 2722 922 2753 38.
944 2722 1038 2746 eodem
1061 2722 1208 2747 millesimo
1229 2724 1256 2746 et
1281 2722 1385 2754 mense]
1413 2723 1446 2746 de
1471 2729 1567 2747 mense
1586 2723 1664 2747 MUR.
1684 2736 1715 2739 —
1736 2728 1777 2753 40.
1798 2720 1886 2753 quod]
1904 2722 1973 2753 quot
1992 2721 2071 2745 Mun.

460 2826 469 2843 ¹
490 2835 519 2852 21
542 2828 637 2859 luglio.
656 2827 760 2857 VERCI,
781 2827 849 2851 Stor.
865 2828 888 2850 d.
903 2827 995 2850 Marcu
1017 2826 1186 2857 Triv.‚Vffl,
1204 2833 1264 2857 142,
1407 2824 1417 2839 ³³
1438 2826 1475 2849 Le
1495 2826 1630 2849 cronache
1651 2825 1792 2849 modenesi
1811 2832 1869 2848 non
1884 2824 2038 2856 registrano
2053 2824 2149 2855 questa
2163 2830 2213 2847 no-

373 2871 441 2894 nota
462 2877 485 2894 1.
504 2869 527 2893 ΙΙ
546 2869 674 2893 ΟιΡοιιΑ
694 2869 790 2892 invece
805 2876 877 2900 pone
892 2869 919 2892 la
933 2869 1021 2892 morte
1034 2868 1063 2891 di
1076 2868 1137 2893 Can
1151 2867 1264 2892 Grande
1320 2868 1396 2891 tizia.
1434 2867 1553 2891 Modena
1574 2867 1603 2890 in
1623 2867 1684 2899 quel
1702 2868 1797 2899 tempo
1816 2873 1861 2890 era
1883 2867 1959 2890 sotto
1986 2866 2007 2888 il
2032 2871 2158 2896 governo
2184 2865 2213 2888 di

373 2912 399 2935 ai
420 2917 451 2934 22
473 2911 502 2934 di
521 2910 606 2942 luglio
627 2910 728 2941 (Comp.
747 2910 771 2933 d.
793 2913 852 2933 star.
869 2909 945 2940 polit.
965 2910 994 2931 di
1017 2909 1127 2937 Verona,
1148 2917 1174 2941 p.
1194 2907 1264 2940 237).
1322 2909 1414 2933 Guido
1435 2916 1449 2932 e
1468 2907 1614 2933 Manfredo
1635 2909 1681 2932 Pii
1702 2908 1789 2931 vicari
1803 2907 1944 2939 imperiali
1957 2907 1998 2930 del
2011 2907 2129 2930 Bavaro.
2168 2905 2212 2929 Cf.

462 2950 472 2966 2
492 2951 705 2983 Alberghettino
725 2951 758 2975 de
776 2950 928 2976 Manfredi.
1321 2951 1510 2979 TmAssoscin,
1529 2950 1608 2974 Ale-m.
1629 2950 1697 2973 δίον.
1718 2949 1801 2977 illoti„
1820 2949 1854 2979 11,
1875 2954 1933 2980 235.

2253 638 2270 669 υι

2236 901 2273 931 10

2238 1164 2272 1194 15

2233 1692 2273 1723 25

2236 2218 2276 2250 35

2236 2485 2278 2514 40

2246 2870 2276 2887 10
