2360 3603
188 1727 262 1749 MUR.,
277 1731 316 1749 479

203 1995 222 2008 c.
236 1994 274 2012 ld}
282 1994 295 2006 r

326 2741 356 2757 10

326 2949 354 2973 15

377 259 419 295 19
427 260 447 293 2
999 255 1310 292 CHRONICON
1338 256 1433 292 EST
1439 255 1568 291 ENSE

371 400 513 421 comune
537 389 722 421 destinavit
746 389 788 426 ei,
812 396 849 421 ut
873 389 1005 430 petivit,
1029 397 1114 430 quos
1133 398 1209 419 cum
1227 387 1322 424 vidit,
1341 388 1427 420 dixit
1443 387 1509 418 eis:
1528 397 1595 428 ego
1611 397 1679 418 rem

369 444 516 474 civitatis
540 442 670 484 Papia
697 442 754 483 qui
778 442 1029 482 responderunt
1054 440 1199 471 libenter
1223 441 1351 480 facere,
1375 446 1408 471 et
1439 446 1673 471 reccesserunt

371 502 449 526 sunt
472 496 626 536 Papiam,
645 500 679 525 et
695 494 803 525 verba
821 494 949 526 domini
968 493 1232 534 Archiepiscopi
1248 492 1436 524 retulerunt
1452 492 1607 524 Consilio
1626 491 1680 534 Paj

371 549 449 585 hoc,
472 549 678 589 inceperunt
703 547 851 578 clamare
876 553 908 578 et
934 546 1070 577 dicere:
1095 546 1270 577 Moriatur
1292 545 1575 588 archiepiscopus.
1623 544 1680 576 Po«

370 611 432 642 pro
458 601 598 632 domino
622 600 908 640 Archiepiscopo,
932 605 1063 630 armata
1088 609 1189 629 manu
1207 598 1358 629 cucurrit
1374 598 1418 629 ad
1434 598 1596 639 plateam,
1613 598 1679 630 dic«

367 654 538 696 piscopus.
585 653 685 684 Tunc
710 653 803 684 cives
827 653 1030 684 occiderunt
1053 652 1235 693 quemdam
1257 651 1366 692 ipsius
1390 651 1542 688 militem,
1566 658 1601 682 et
1624 658 1680 692 pot

372 706 556 737 civitatem.

458 759 590 790 Eodem
623 759 814 795 millesimo,
848 758 902 789 die
935 767 1010 788 xxx
1039 757 1195 788 ianuarii,
1243 758 1294 788 De
1326 756 1528 798 volunptate
1560 756 1681 788 domin·

371 812 513 843 estensis
539 818 602 844 etc.
629 812 822 843 restitutum
846 811 914 842 fuit
939 817 1086 842 castrum
1111 809 1311 851 Viguicoli²
1336 810 1484 841 dominis
1508 809 1637 847 Padue,
1665 819 1680 850 ς

371 865 510 896 nomine
535 870 569 896 et
592 865 742 896 omnium
768 864 905 901 civium,
928 864 1222 895 renunciaverunt
1247 862 1403 894 omnibus
1424 862 1627 899 rationibus,
1651 873 1681 904 q]

370 924 442 950 tatu
466 918 621 961 Rodigii‚
646 924 680 949 et
704 923 949 949 concesserunt
973 917 1086 948 omnia
1109 915 1236 947 ibidem
1262 915 1442 946 existentia
1466 915 1604 947 domino
1629 915 1681 946 Al·

371 972 531 1004 videlicet
548 982 566 1002 a
590 971 679 1008 loco,
703 971 762 1012 qui
788 971 913 1002 dicitur
937 970 1078 1001 Passuia
1101 979 1208 1011 usque
1238 969 1283 1000 ad
1315 968 1471 1000 Buellum
1503 968 1605 1010 Lupi,
1635 968 1680 1000 eti

374 1025 524 1067 Pincone
549 1024 693 1060 Abacie,
716 1033 736 1054 a
760 1023 866 1054 latere
890 1023 1018 1062 Padue,
1044 1032 1143 1063 quam
1169 1021 1353 1063 antiquitus
1378 1021 1527 1052 construi
1559 1022 1679 1052 fecem

371 1078 592 1109 firmaverunt
615 1087 748 1118 pacem,
775 1082 808 1107 et
830 1076 935 1118 ligam
958 1075 1046 1107 inter
1070 1075 1173 1116 ipsos,
1198 1074 1291 1117 quod
1313 1074 1343 1105 si
1368 1080 1512 1115 propter
1542 1084 1680 1116 gueram

374 1141 471 1162 casus
495 1131 647 1161 acideret
668 1140 756 1160 unus
781 1129 847 1160 alio
872 1135 905 1159 et
927 1128 1014 1160 alter
1038 1127 1137 1159 alteri
1161 1127 1323 1158 auxilium
1347 1126 1570 1167 impenderet.
1617 1127 1681 1158 Tu1

372 1184 533 1215 fecerunt
555 1183 591 1214 in
614 1182 743 1219 Padua,
769 1182 863 1224 quod
886 1181 915 1212 si
938 1182 973 1212 in
999 1181 1092 1212 dicta
1116 1180 1256 1212 civitate
1280 1180 1336 1211 vel
1362 1179 1520 1211 districtu
1537 1180 1680 1211 existere

371 1248 430 1268 seu
452 1236 613 1268 inimicus
637 1236 721 1268 dicti
743 1235 969 1272 Marchionis,
994 1234 1199 1265 festinanter
1223 1233 1404 1264 recederet
1428 1232 1490 1264 sub
1514 1243 1605 1274 pena
1627 1233 1681 1263 vit·

373 1289 508 1331 bapniri
532 1290 687 1329 prefatus
710 1288 871 1320 Marchio
896 1294 960 1319 etc.

460 1342 591 1373 Eodem
617 1341 810 1377 millesimo.
835 1340 889 1372 die
908 1339 1081 1371 dominico
1098 1339 1174 1370 xvr⁰
1187 1339 1198 1357 ³
1214 1339 1338 1370 mensis
1354 1339 1475 1370 martii.
1514 1339 1681 1370 Dominus

370 1396 542 1439 ingressus
566 1401 616 1425 est
639 1393 684 1425 ad
707 1395 957 1436 parlamentum
982 1404 1058 1424 cum
1083 1393 1222 1424 domino
1246 1393 1446 1423 marchione
1472 1393 1514 1423 de
1539 1391 1679 1423 Brandil

373 1450 490 1491 xitque
516 1449 560 1479 ad
584 1447 777 1479 custodiam
801 1447 949 1478 civitatis
974 1446 1112 1478 Verone
1130 1446 1304 1477 dominum
1322 1444 1496 1488 Acconem
1521 1445 1565 1476 de
1588 1445 1681 1487 Corig

373 1512 506 1545 gnanus
530 1502 573 1533 de
599 1502 630 1532 la
653 1500 765 1540 Scala,
790 1501 898 1531 frater
921 1499 1087 1530 naturalis
1110 1498 1195 1530 dicti
1219 1497 1349 1529 domini
1373 1498 1488 1538 Canis,
1512 1496 1681 1529 fraudu1e1

373 1555 513 1586 domino
538 1559 709 1596 potestate
734 1554 872 1585 Verone
897 1553 1057 1584 fecerunt
1082 1551 1229 1583 detineri
1253 1551 1445 1593 predictum
1470 1551 1646 1582 dominum
1669 1562 1681 1583 Α

375 1608 457 1640 dicti
483 1607 613 1639 domini
637 1607 754 1643 Canis,
778 1617 923 1648 quorum
946 1616 1032 1636 unus
1057 1611 1130 1636 erat
1153 1615 1257 1646 super
1279 1604 1514 1645 stipendiariis
1538 1604 1622 1635 dicti
1645 1603 1681 1635 d(

373 1662 460 1692 alter
483 1661 670 1697 Tebaldus‚
695 1661 753 1702 qui
776 1659 928 1691 habebat
952 1659 1066 1690 omnia
1088 1659 1186 1700 signa
1208 1664 1382 1700 portarum
1407 1657 1560 1689 civitatis
1584 1662 1618 1688 et
1642 1668 1682 1689 ca

380 1713 515 1751 Quibus
539 1713 695 1744 dominus
719 1714 747 1744 F
749 1722 919 1755 regnantis
943 1712 1043 1743 dixit:
1070 1722 1137 1753 ego
1160 1711 1242 1748 volo,
1266 1711 1355 1753 quod
1375 1711 1496 1750 omnia,
1520 1721 1582 1752 que
1598 1721 1677 1741 cora

372 1768 473 1799 aliter
495 1767 621 1798 mortui
641 1767 726 1798 estis.
774 1765 843 1802 Qui
866 1765 1119 1806 responderunt
1135 1763 1198 1796 sibi
1215 1764 1367 1796 obedire.
1414 1764 1514 1795 Tunc
1532 1763 1682 1795 dominu:

373 1821 514 1853 strinum
539 1821 583 1851 ad
606 1820 765 1862 plateam,
790 1819 956 1861 mixitque
971 1829 1035 1860 per
1051 1829 1168 1850 omnes
1185 1817 1429 1859 stipendiarios
1445 1817 1575 1849 domini
1591 1817 1677 1849 Cani

375 1875 469 1906 Dixit
492 1874 558 1905 eis:
584 1884 641 1904 nos
664 1876 755 1904 certe
777 1873 942 1909 habemus,
967 1873 1057 1913 qnod
1079 1871 1227 1902 dominus
1253 1871 1354 1902 Canis
1376 1874 1531 1913 pergens
1555 1871 1590 1901 in
1613 1870 1676 1901 Ale

375 1932 424 1959 est
445 1939 466 1958 a
490 1927 685 1968 quibusdam
707 1927 775 1957 suis
798 1925 950 1957 inimicis.
997 1925 1098 1957 Tunc
1122 1923 1334 1956 Celestrinus
1358 1924 1571 1965 presentavit
1596 1923 1628 1954 ei
1659 1934 1679 1966 q

378 1981 471 2023 quod
496 1979 621 2011 verum'
646 1986 728 2011 erat.
776 1979 896 2010 Etiam
920 1989 1003 2010 nova
1027 1978 1182 2009 habemus
1207 1978 1248 2008 de
1267 1978 1427 2020 partibus
1451 1977 1640 2008 Mediolani
1660 1987 1681 2018 q

376 2044 517 2065 cccomes
539 2043 608 2064 cum
633 2032 842 2063 multimdine
864 2032 1066 2073 equestrium
1097 2035 1127 2061 et
1150 2030 1358 2073 pedestrium
1381 2030 1509 2061 accedit
1538 2030 1682 2061 Veronaz

377 2087 487 2123 Canis,
510 2087 620 2117 volens
644 2086 823 2116 dominium
848 2085 1008 2125 civitatis5
1033 2095 1138 2127 quare
1161 2095 1251 2126 rogo
1282 2095 1350 2122 vos,
1382 2084 1471 2126 quod
1500 2088 1599 2114 extra
1629 2085 1681 2114 civ

377 2141 520 2171 debeatis
543 2143 660 2171 contra
683 2149 744 2170 cos.
792 2139 862 2176 Qui
886 2139 1154 2179 responderunt:
1179 2147 1243 2168 non
1264 2137 1419 2168 habemus
1442 2138 1629 2180 pecuniam.
1675 2137 1683 2168 l

377 2197 523 2236 propter
545 2193 605 2224 lzoc
626 2203 690 2223 non
713 2192 914 2228 remanebitg
940 2197 975 2222 et
997 2191 1166 2223 satisfecit
1191 2190 1250 2221 eis.
1297 2190 1431 2223 Deinde
1455 2190 1592 2222 vocavit
1623 2190 1683 2222 Te⁴

466 2318 490 2340 4.
505 2310 597 2339 prima
616 2310 646 2332 di
663 2310 788 2340 potestas
809 2309 835 2331 iu
854 2309 878 2332 Α
899 2315 949 2340 pos
968 2309 1077 2332 cancell.
1097 2316 1141 2332 con
1161 2316 1194 2331 un
1213 2308 1276 2339 riga
1297 2320 1329 2325 —
1349 2312 1373 2337 5.
1393 2307 1531 2331 dicentem
1549 2307 1574 2330 A
1598 2320 1630 2324 —
1649 2314 1674 2338 9.

379 2353 495 2376 dimano
514 2352 623 2379 seriore,
636 2351 662 2374 in
681 2351 821 2375 inchiostro
842 2351 946 2375 wanilo:
967 2351 1029 2374 Iura
1050 2351 1159 2374 domini
1180 2351 1209 2373 in
1230 2350 1386 2373 territorio.
1398 2368 1403 2373 .
1416 2368 1421 2373 .
1434 2368 1439 2373 .
1459 2363 1492 2366 -
1509 2356 1548 2372 12.
1561 2350 1588 2372 in
1601 2357 1682 2381 marg

379 2403 395 2418 α
420 2394 555 2417 sostituire
581 2393 727 2416 Budellum
748 2395 856 2417 cancell.
877 2401 922 2416 con
941 2401 973 2416 un
994 2393 1056 2423 rigo
1076 2405 1084 2409 -
1103 2396 1183 2422 sopra
1203 2399 1288 2423 usque
1306 2400 1358 2415 una
1374 2393 1474 2421 parola
1493 2393 1601 2416 cancell.
1621 2400 1634 2415 e
1647 2395 1684 2422 po

381 2450 412 2453 -—-
436 2443 474 2467 13.
499 2433 636 2467 construi]
663 2435 801 2458 constitui
826 2435 904 2459 Mun.
930 2448 961 2451 —
991 2440 1029 2465 15.
1055 2433 1146 2465 casus]
1167 2442 1249 2458 causa
1269 2434 1347 2458 Mun.
1368 2446 1376 2451 ·
1396 2433 1466 2464 alio]
1485 2433 1568 2457 alteri
1588 2433 1667 2458 Mun.

381 2485 454 2501 mano
474 2479 519 2501 del
535 2480 619 2507 tempo
639 2477 665 2500 in
685 2477 722 2500 A:
743 2476 833 2500 Meser
853 2477 978 2508 Frignan
1000 2489 1031 2494 —
1052 2481 1093 2507 35.
1113 2477 1179 2506 dopo
1198 2476 1251 2499 hoc
1271 2482 1329 2499 non
1349 2483 1430 2507 segue
1448 2476 1475 2499 in
1494 2475 1519 2498 A
1540 2475 1627 2499 famei
1645 2483 1683 2500 cm

470 2564 477 2579 ¹
498 2566 642 2595 Ramengo
663 2565 769 2589 Casati.
807 2564 852 2589 Cf.
872 2564 1031 2593 Ronomxx,
1047 2565 1153 2588 Notizie
1168 2567 1270 2594 appar·
1323 2564 1404 2587 braio
1427 2571 1493 2596 ¹354
1519 2564 1568 2588 che
1593 2571 1662 2596 pure

382 2607 482 2631 tenenti
500 2609 556 2631 alla
578 2607 669 2631 Storia
689 2608 761 2630 della
780 2615 827 2630 sua
842 2607 948 2637 patria,
971 2607 1102 2638 Catalogo
1122 2607 1166 2630 dei
1185 2607 1270 2630 Pode-
1326 2607 1420 2630 Chron.
1441 2606 1499 2629 Est.
1519 2604 1569 2637 pit:
1591 2606 1684 2628 avant.

383 2650 423 2672 stit
445 2657 503 2678 eea,
523 2649 619 2679 Paria,
644 2648 719 2678 1828,
738 2648 785 2672 111.
1323 2648 1450 2672 dimento
1471 2648 1500 2671 fu
1521 2649 1646 2678 risaputa
1665 2647 1682 2670 d

471 2690 481 2705 2
500 2691 679 2723 Vighizzolo,
699 2698 715 2715 a
735 2691 767 2723 36
791 2691 840 2714 kil.
867 2691 941 2714 circa
968 2691 1002 2714 da
1027 2691 1152 2720 Padova,
1180 2697 1270 2719 venne
1325 2689 1386 2713 “tis
1406 2690 1499 2713 carnis
1519 2689 1609 2721 privii
1619 2706 1643 2720 η,
1665 2696 1685 2712 c*

383 2734 484 2757 ceduto
504 2741 551 2765 per
573 2734 593 2756 il
613 2736 734 2757 trattato
755 2734 782 2757 di
804 2733 926 2757 Venezia
946 2733 990 2757 del
1015 2740 1045 2756 10
1063 2733 1187 2764 gennaio
1205 2737 1270 2763 1354
1410 2730 1419 2746 ⁴
1440 2730 1608 2763 Cangrande
1621 2730 1647 2754 11
1666 2731 1681 2754 d

383 2776 411 2799 ai
431 2776 573 2799 Carraresi
595 2776 644 2799 che
665 2777 694 2798 in
715 2776 823 2799 cambio
844 2776 1049 2799 rinunziarono
1068 2775 1103 2798 ad
1124 2775 1190 2807 ogni
1207 2775 1269 2798 loro
1322 2774 1489 2801 Elisabetta,
1507 2773 1586 2805 figlia
1606 2774 1633 2797 di
1660 2772 1683 2796 L

384 2819 492 2849 pretesa
512 2818 555 2840 sul
581 2818 715 2841 Polesine
740 2817 768 2841 di
795 2817 908 2849 Rovigo
934 2817 992 2849 agli
1019 2817 1142 2840 Estensi.
1180 2817 1270 2846 Mun„
1323 2815 1406 2847 Luigi
1429 2816 1449 2839 il
1471 2816 1597 2844 vecchio,
1617 2821 1684 2838 mar(

384 2860 446 2883 Ant.
468 2860 583 2887 Eslensi,
602 2859 635 2889 ΙΙ,
659 2866 716 2890 119.
1411 2857 1422 2874 ⁵
1440 2857 1492 2880 Per
1511 2857 1625 2880 Azzone
1645 2856 1679 2879 da

471 2899 481 2915 ³
501 2901 524 2924 11
547 2900 577 2924 16
596 2908 688 2924 marzo
710 2906 776 2932 1354
796 2901 883 2924 cadde
896 2901 995 2924 insatti
1012 2901 1041 2924 in
1056 2901 1211 2927 domenica,
1226 2906 1270 2923 ma
1323 2901 1414 2922 trarca
1433 2906 1460 2922 v.
1479 2897 1514 2926 Q.
1534 2898 1609 2928 Bitu,
1629 2898 1672 2921 Di

384 2950 462 2966 corne
481 2942 595 2966 osservo
616 2943 636 2965 il
657 2942 739 2965 Verci
753 2943 857 2973 (Storia
877 2943 949 2966 della
969 2943 1067 2966 Alarca
1093 2942 1170 2965 Triv.
1192 2950 1205 2964 e
1226 2942 1269 2965 Ιέ-
1323 2948 1337 2964 e
1356 2940 1454 2964 Mem.
1474 2940 1569 2964 delle
1589 2941 1685 2971 Depu

384 2994 450 3014 ron„
469 2985 591 3008 Venezia
614 2984 690 3016 1789,
711 2984 743 3007 T.
758 2984 830 3014 XIII,
851 2992 876 3015 p.
894 2984 960 3017 172),
977 2984 1050 3007 sulla
1065 2983 1127 3007 fede
1140 2984 1167 3007 di
1183 2983 1271 3007 molte
1324 2982 1404 3006 den.
1425 2990 1438 3005 e
1458 2982 1581 3009 Pan-m.y
1601 2981 1648 3009 ΙΙΙ,
1669 2987 1682 3004 2

384 3027 456 3050 altre
478 3027 551 3050 sonti
573 3027 599 3050 la
613 3026 766 3049 ribellione
786 3027 812 3049 di
834 3025 979 3057 Frignano
993 3032 1121 3049 :xx-venne
1134 3025 1155 3049 il
1174 3024 1204 3048 16
1217 3024 1272 3047 seb-
