2360 3603
127 219 178 254 [A.
199 220 392 253 1330-1332]
753 213 1064 249 CHRONICON
1091 212 1321 249 ESTENSE
1905 214 1951 249 99

917 380 1162 413 MCCCXXX.

211 463 341 498 Starius
363 465 525 496 frumenti
560 464 696 498 valebat
731 464 766 496 in
790 464 949 497 Ferraria
972 475 1035 506 per
1059 470 1166 496 totum
1199 475 1323 496 annum
1355 475 1461 507 usque
1499 475 1624 497 novum
1664 464 1793 497 solidos
1819 475 1891 497 xxv
1922 472 1956 498 et

121 518 173 550 sol
195 527 267 548 xxx
291 517 554 549 bononiensium
569 527 774 559 grossorum,
793 523 827 548 et
842 517 968 548 solidos
985 527 1094 548 xxxv.
1140 518 1239 548 Tunc
1256 517 1322 549 fuit
1338 523 1434 549 extra
1449 518 1585 550 modum
1603 523 1737 559 tempus
1751 518 1859 561 yemis
1882 519 1958 560 plu—

120 570 262 607 viosum,
286 575 496 608 venetosum,
521 576 554 601 et
576 569 702 612 ubique
726 569 834 612 frigus
858 575 891 600 et
913 569 971 600 nix
993 569 1029 600 in
1053 569 1200 600 maxima
1224 570 1337 611 copia3
1363 576 1397 601 et
1419 571 1546 602 festum
1569 570 1842 602 adnunciationis
1857 570 1956 603 beate

79 622 96 654 5
121 622 232 654 Marie
256 622 421 665 Virginis,
446 623 538 664 quod
563 623 606 655 de
629 632 721 654 more
744 622 848 653 fiebat
870 622 907 652 in
930 620 1129 654 Betheleem
1146 628 1241 653 extra
1257 623 1459 661 Ferrariam,
1476 629 1616 664 propter
1639 623 1820 655 maximam
1844 624 1955 655 nivem

120 676 251 707 factum
273 675 340 707 fuit
362 675 397 706 in
421 675 594 707 Trinitate
617 676 652 706 in
677 675 876 716 episcopatu
900 674 1043 706 ferrarie
1068 674 1110 706 de
1135 674 1360 716 volu[n]ptate
1385 675 1599 707 dominorum
1614 676 1853 708 Marchionum
1879 686 1954 707 cum

120 727 379 770 solepnitatibus
403 734 468 760 etc.

206 781 339 812 Eodem
361 780 550 812 millesimo.
574 780 724 823 Legatus
748 786 782 811 et
805 780 961 811 dominus
985 779 1150 817 Bononie,
1169 780 1227 821 qui
1243 790 1378 821 semper
1394 781 1484 812 mala
1501 787 1534 812 et
1550 781 1668 823 iniqua
1685 781 1870 824 cogitabat,
1887 787 1956 813 tam

119 838 237 865 contra
261 833 393 865 vicinos
416 833 648 875 proximarum
673 832 857 869 civitatum,
882 842 982 874 quam
1007 832 1102 870 alios,
1127 832 1210 864 fecit
1233 832 1423 874 decapitari
1447 840 1480 865 et
1503 833 1619 865 occidi
1642 833 1957 877 Alberghettinum‚

58 887 95 917 10
119 885 199 917 olim
224 886 396 918 dominum
413 887 441 918 F
444 886 577 917 aventie
601 886 756 923 civitatis,
773 896 875 927 super
890 885 1039 926 plateam
1065 885 1219 916 comunis
1242 885 1410 923 Bononie3
1436 891 1470 918 et
1493 886 1648 918 similiter
1664 886 1826 918 libentius
1850 887 1955 918 fecis-

119 944 170 970 set
193 939 265 970 fieri
288 939 331 970 de
356 939 431 970 aliis
446 938 632 970 maioribus
648 938 856 970 Lombardie
880 944 914 969 et
938 937 1181 976 Romandiole‚
1199 947 1301 969 causa
1318 938 1517 970 dominandi
1543 939 1687 980 ubique;
1712 946 1763 972 set
1785 940 1820 971 in
1844 939 1953 982 burgo

117 991 274 1023 inferiori
296 992 454 1023 Ferrarie
477 991 671 1033 aliqualiter
693 991 819 1022 fefellit
848 991 1012 1033 cogitatio
1037 991 1118 1022 eius.

203 1042 333 1075 Eodem
357 1043 534 1075 millesimo
559 1043 612 1074 die
637 1052 740 1074 xxvn
764 1043 890 1074 mensis
905 1043 1049 1085 augusti.
1086 1042 1241 1074 Castium
1258 1043 1388 1075 Finah's
1403 1043 1593 1075 restitutum
1610 1044 1676 1076 fuit
1691 1044 1838 1076 dominis
1860 1046 1957 1088 Ray-

118 1095 221 1128 naldo
245 1102 280 1127 et
303 1095 450 1139 Obiconi
473 1095 726 1127 marchionibus
751 1095 937 1127 estensibus
961 1101 995 1127 et
1020 1096 1165 1128 dominis
1193 1096 1352 1128 Ferrarie
1377 1102 1442 1128 ete.

55 1148 92 1181 15
206 1148 338 1180 Eodem
360 1148 540 1180 millesimo
565 1154 599 1180 et
621 1157 738 1179 mense
762 1147 963 1180 decembris.
990 1148 1156 1180 Dominus
1179 1149 1348 1180 Iohannes
1371 1158 1433 1180 rex
1450 1149 1591 1181 Boemie
1612 1151 1767 1182 transivit
1791 1150 1955 1182 Lombar-

117 1201 220 1240 diam,
236 1201 368 1233 scilicet
386 1201 557 1232 civitatem
580 1201 738 1243 Bryssye,
753 1206 787 1232 et
803 1200 853 1232 ibi
871 1201 964 1233 cives
980 1201 1128 1244 Bryssye
1147 1201 1316 1243 eligerunt
1332 1207 1366 1233 et
1382 1202 1632 1234 constituerunt
1647 1203 1758 1244 ipsum
1781 1203 1956 1235 dominum

118 1254 212 1286 dicte
235 1253 392 1286 civitatis.

903 1350 1139 1383 MCCCXXX
1139 1351 1170 1393 J.

204 1431 255 1463 De
280 1440 397 1462 mense
422 1430 545 1462 martii.
592 1431 672 1462 Rex
696 1431 864 1462 Iohannes
895 1430 1089 1463 antedictus
1114 1431 1179 1463 ivit
1210 1431 1382 1463 civitatem
1414 1432 1536 1464 Parme
1568 1443 1645 1464 cum
1677 1432 1745 1464 suis
1776 1433 1952 1471 militibus,

52 1484 94 1515 20
117 1483 244 1516 deinde
276 1482 332 1515 die
362 1493 420 1515 1111
451 1483 564 1515 martii
580 1485 600 1522 ¹,
633 1489 844 1527 congregato
875 1483 1019 1516 consilio
1051 1483 1211 1521 civitatis,
1243 1484 1278 1515 in
1303 1494 1371 1526 quo
1403 1485 1542 1517 fuerunt
1566 1485 1660 1517 circa
1683 1485 1832 1517 ΜΜΜΜΠὸ
1861 1486 1952 1518 cives

118 1537 209 1569 dicte
233 1537 389 1576 civitatis,
413 1548 530 1569 omnes
555 1536 789 1569 concederunt
813 1536 1001 1569 dominium
1025 1537 1118 1569 dicte
1143 1537 1294 1570 civitatis
1316 1539 1453 1579 prefato
1470 1538 1563 1581 Regi
1582 1538 1697 1577 libere,
1715 1546 1748 1571 et
1771 1539 1954 1572 districtus.

116 1589 197 1622 Post
219 1590 284 1622 hec
307 1591 350 1622 de
374 1600 490 1623 mense
515 1589 642 1631 aprelis
665 1590 840 1632 predictus
863 1590 942 1621 Rex
958 1589 1019 1621 ivit
1043 1590 1199 1622 Castrum
1222 1590 1378 1622 leonem²
1394 1592 1439 1622 ad
1456 1592 1704 1633 parlamentum
1721 1603 1797 1624 cum
1815 1593 1953 1625 domino

117 1643 293 1674 Cardinali
317 1643 464 1675 civitatis
486 1643 652 1680 Bononie,
676 1643 811 1675 scilicet
841 1641 978 1674 domino
1003 1642 1151 1675 civitatis
1178 1643 1344 1682 Bononie,
1370 1649 1404 1675 et
1427 1644 1565 1676 insimul
1589 1644 1784 1684 obsculans,
1809 1645 1956 1688 quilibet

115 1706 271 1727 reversus
293 1701 344 1727 est
367 1696 412 1727 ad
434 1695 548 1728 locum
572 1706 679 1727 suum.

51 1747 92 1779 25
203 1749 338 1781 Eodem
360 1748 538 1780 millesimo
555 1747 598 1780 de
615 1759 730 1780 mense
755 1749 897 1791 augusti.
930 1748 1087 1781 Collecta
1102 1752 1170 1780 xvm
1186 1749 1393 1781 florenorum
1412 1750 1483 1781 auri
1498 1751 1609 1792 posita
1625 1751 1689 1782 fuit
1705 1762 1768 1792 per
1783 1751 1953 1783 civitatem

116 1801 282 1839 Ferrarie,
307 1808 341 1833 et
363 1801 533 1844 exigenda
556 1813 619 1843 per
642 1807 751 1834 totum
774 1811 925 1833 mensem
948 1801 1150 1844 septembris
1174 1813 1276 1834 causa
1307 1803 1461 1835 solvendi
1485 1803 1679 1845 pastoribus
1702 1804 1860 1836 Ecclesie
1889 1810 1954 1837 etc.

203 1854 335 1887 Eodem
358 1854 534 1886 millesimo
561 1860 595 1886 et
617 1864 733 1886 mense
758 1853 918 1886 octubris.
947 1854 1090 1887 Flumen
1107 1855 1194 1886 Padi
1213 1856 1322 1887 crevit
1338 1856 1461 1895 taliter,
1479 1857 1573 1898 quod
1590 1857 1623 1888 in
1640 1857 1797 1889 districtu
1812 1858 1952 1889 Mantue

115 1907 199 1939 fecit
221 1907 343 1939 multas
365 1913 491 1949 ruptas,
521 1913 555 1939 et
577 1913 682 1939 totum
705 1907 887 1938 inundavit
909 1907 1113 1939 Pollicinum
1139 1908 1290 1951 Figaroli
1315 1914 1349 1939 et
1371 1909 1476 1941 multa
1499 1909 1567 1940 alia
1590 1910 1669 1941 loca
1691 1920 1797 1952 usque
1821 1911 1866 1942 ad
1898 1922 1953 1942 ar-

114 1970 176 2002 ger
198 1960 473 2003 Traversagnum
481 1972 489 1997 3
516 1966 550 1991 et
572 1960 621 1991 ibi
645 1970 707 2002 per
730 1960 894 1998 homines,
920 1960 1012 1992 cives
1036 1966 1070 1992 et
1092 1962 1249 1992 forenses
1271 1961 1442 2003 reparatio
1466 1961 1664 1994 hutilissima
1687 1963 1779 1995 facta
1803 1969 1853 1995 est
1878 1973 1953 1994 cum

49 2014 91 2045 30
114 2013 206 2046 bona
229 2013 383 2045 custodia
415 2013 471 2045 die
495 2019 675 2056 noctuque.

891 2109 1145 2142 Moccxxxi
1147 2110 1176 2152 J.

200 2197 252 2229 De
274 2207 390 2230 mense
421 2197 552 2240 januari
576 2197 733 2229 dominus
756 2198 907 2230 marchio
939 2198 1050 2241 Obico
1083 2198 1233 2236 estensis,
1259 2204 1292 2230 et
1324 2199 1480 2231 dominus
1503 2200 1532 2231 F
1534 2199 1655 2237 erarie,
1679 2199 1738 2230 ivit
1760 2199 1951 2231 Bononiam

113 2251 158 2282 ad
180 2250 427 2292 parlamentum
452 2261 529 2281 cum
552 2250 687 2293 Ligato‚
712 2251 745 2282 in
770 2261 838 2294 quo
863 2251 1018 2283 dominus
1048 2251 1191 2294 Ligatus
1214 2251 1318 2282 multa
1341 2251 1502 2293 promixit
1526 2251 1664 2284 domino
1688 2252 1894 2290 Marcffloni,
1919 2258 1954 2284 et

112 2303 202 2335 male
217 2302 374 2340 obtinuit,
391 2303 478 2334 sicut
495 2309 694 2335 consuetum
711 2309 761 2335 est
772 2310 946 2345 pastorum
963 2303 1130 2336 Ecclesie.
1176 2304 1277 2335 Tunc
1301 2304 1429 2336 domini
1445 2304 1648 2347 Raynaldus
1667 2310 1701 2336 et
1718 2303 1838 2347 Obico,
1862 2315 1952 2336 mar-

47 2356 88 2388 35
114 2356 258 2388 chiones
281 2361 441 2394 estenses,
465 2355 685 2387 restituerunt
709 2357 880 2388 civitatem
904 2356 1057 2400 Argente
1075 2357 1212 2388 domino
1235 2356 1495 2398 archiepiscopo
1527 2357 1695 2388 Ravenne
1721 2358 1764 2389 de
1788 2358 1950 2390 mandato

113 2409 260 2451 predicti
282 2408 405 2451 Legati
429 2420 506 2441 cum
529 2409 602 2440 aliis
625 2410 735 2451 pactis
758 2409 861 2441 factis
884 2409 974 2441 inter
998 2419 1056 2441 eos
1081 2416 1145 2441 etc.
1159 2408 1181 2441 ³.

198 2461 467 2494 MCCCXXXII
491 2463 534 2494 de
559 2473 676 2494 mense
700 2462 875 2495 februarii.
923 2462 1029 2500 Quod
1053 2463 1133 2494 dum
1156 2472 1217 2504 per
1242 2469 1396 2504 pastores
1427 2463 1596 2502 Ecclesie,
1628 2463 1709 2495 licet
1732 2463 1866 2506 injuste,
1898 2474 1942 2496 ne

202 2579 225 2605 5.
245 2575 279 2598 de
297 2582 372 2599 more
391 2575 414 2598 Α
426 2583 434 2598 .·
454 2582 529 2599 more
547 2575 572 2597 B
590 2575 668 2600 MUR.
691 2588 720 2592 —
741 2576 765 2600 8.
779 2577 808 2599 et
826 2576 888 2606 dopo
900 2575 1006 2608 legatus
1025 2583 1073 2601 om.
1093 2575 1171 2600 MUR.
1187 2589 1219 2592 —
1242 2582 1280 2607 13.
1294 2575 1338 2598 nel
1350 2577 1468 2607 margine
1488 2576 1518 2598 di
1534 2576 1644 2599 sinistra
1663 2577 1692 2599 in
1710 2576 1733 2599 Α
1746 2585 1754 2599 .·
1776 2574 1952 2607 [Rertitutio

112 2617 196 2641 castri
209 2616 314 2640 Finalis
327 2616 351 2640 d.
365 2616 574 2640 marchionibus
590 2630 620 2633 —
636 2623 677 2641 21.
691 2616 892 2648 concederunt]
906 2618 1102 2642 concesserunt
1114 2625 1179 2640 corr.
1195 2618 1272 2641 Mun.
1288 2630 1319 2634 —-
1335 2616 1375 2642 26.
1389 2619 1417 2641 et
1430 2617 1581 2649 exigenda]
1596 2617 1730 2648 exigendo
1745 2631 1776 2635 —
1792 2622 1834 2648 27.
1847 2617 1952 2642 Eodem

114 2658 261 2683 millesimo
280 2660 309 2682 et
326 2658 429 2690 mense]
450 2658 482 2682 de
501 2665 593 2683 mense
613 2660 690 2684 MUR.
705 2673 736 2677 —
751 2665 792 2690 37.
812 2660 887 2691 quod
901 2660 965 2683 dum
986 2667 1036 2693 per
1053 2661 1180 2691 pastores
1199 2659 1240 2683 A:
1260 2659 1326 2683 dum
1346 2660 1472 2691 pastores
1490 2659 1535 2686 B:
1556 2659 1620 2684 dum
1639 2659 1799 2692 pastoribus
1820 2660 1897 2684 MUR.

199 2753 208 2770 ¹
228 2760 241 2786 5
263 2763 363 2779 marzo.
383 2755 429 2780 Cf.
448 2754 538 2785 Arre),
559 2756 626 2780 Stor.
647 2757 677 2779 di
693 2757 802 2783 Parma,
820 2756 869 2787 IV,
889 2762 938 2788 277
965 2758 998 2781 ed
1057 2757 1139 2780 vansi
1162 2757 1206 2780 nel
1224 2764 1294 2780 verso
1316 2757 1346 2781 di
1365 2756 1484 2780 un‘altra
1509 2758 1586 2781 carta
1604 2756 1638 2788 (e.
1659 2756 1702 2788 84)
1722 2757 1764 2781 del
1781 2757 1875 2780 codice
1900 2764 1947 2787 ag·
1978 2762 2009 2779 10

69 2801 81 2825 5
112 2797 185 2829 App·
205 2803 247 2820 ²0·
1053 2799 1152 2829 giunta
1172 2800 1202 2822 in
1224 2799 1333 2830 seguito
1353 2798 1424 2822 dallo
1443 2799 1532 2822 stesso
1551 2799 1672 2829 copista3
1692 2805 1737 2822 rna
1755 2805 1826 2822 sono
1840 2797 1946 2822 fornite

199 2834 210 2851 Ξ
229 2836 412 2866 Castelleone,
432 2838 524 2861 antico
544 2838 667 2867 castello,
679 2845 711 2862 or
723 2845 780 2862 non
794 2837 842 2870 piu
857 2839 997 2868 esistente,
1053 2840 1080 2864 di
1098 2848 1135 2864 un
1154 2840 1290 2869 rimando,
1317 2841 1392 2864 sotto
1418 2839 1508 2864 forma
1533 2839 1560 2863 di
1580 2847 1669 2869 croce,
1690 2841 1741 2864 che
1761 2841 1894 2871 permette
1919 2840 1945 2863 al

111 2879 201 2902 eretto
221 2878 267 2902 dai
286 2878 431 2903 Modenesi
449 2886 465 2902 a
478 2878 667 2911 fronteggiare
681 2878 872 2904 Castelfranco
886 2881 996 2904 castello
1051 2883 1150 2906 lettere
1170 2883 1200 2906 di
1225 2882 1375 2906 orientarsi
1392 2881 1564 2911 facilmente,
1583 2881 1627 2906 cio
1645 2882 1694 2906 che
1712 2889 1769 2906 non
1788 2880 1802 2905 ὲ
1827 2881 1944 2905 riuscito

112 2919 157 2944 dei
176 2920 335 2952 Bolognesi.
1053 2923 1205 2948 all’inabile
1230 2923 1404 2948 trascrittore
1422 2923 1465 2948 del
1484 2924 1544 2948 cod.
1563 2924 1594 2947 B.

198 2960 209 2977 ³
228 2962 268 2987 Le
286 2962 359 2987 linee
377 2962 426 2987 che
440 2970 564 2995 seguono
577 2963 633 2988 fino
651 2971 667 2988 a
685 2966 755 2988 circa
773 2964 835 2998 viijc
848 2972 925 2996 equos
942 2966 1000 2990 tro-

2030 1768 2048 1781 c.
2064 1763 2116 1785 35r
