2360 3603
103 254 154 287 [A.
176 255 269 287 1:347]
725 247 1043 282 CHRONICON
1072 247 1303 282 ESTENSE
1853 249 1919 287 147

189 378 401 420 Johannolus
424 378 553 409 domini
578 378 788 420 Guasparini
812 378 1038 410 vicecomitis

190 431 276 462 filius
299 431 525 463 Lanfrancoli
550 431 662 474 Bugni

189 484 352 526 magister
374 482 560 516 Ambertus
584 484 739 515 medicus

189 536 348 577 magister
374 536 587 568 Guillielmus
611 546 780 579 cyroycus

61 590 78 620 5
189 590 346 620 dominus
370 589 572 621 Marinellus
596 590 639 620 de
667 588 835 620 Medicis'

190 642 348 673 dominus
370 642 568 673 Mazacanis
592 643 635 673 de
658 642 889 684 Madrignano

189 695 364 737 Cagnolus
388 696 430 727 de
454 695 595 737 Corigia

188 749 215 779 F
219 749 392 780 erantinus
416 749 458 779 de
483 748 674 779 Malatestis

188 802 346 833 dominus
370 801 544 833 Bonectus
568 802 611 833 de
630 801 839 833 Malavicina

41 856 77 886 10
188 854 339 886 Nomina
362 854 585 886 dominarum.

187 907 328 939 domina
352 907 554 939 Ysabellina
571 917 658 938 uxor
681 908 810 939 domini
843 908 1048 948 Guasparini
1071 907 1296 939 Vicecomitis

189 960 328 992 domina
352 960 491 992 Leonor
517 971 602 992 uxor
625 960 719 992 Petri
743 960 969 992 Vicecomitis

187 1024 271 1046 uxor
296 1014 424 1045 domini
448 1013 609 1045 Iohannis
631 1013 859 1045 vicecomitis

187 1067 324 1098 domina
350 1067 487 1098 Leonor
511 1077 596 1098 uxor
620 1065 750 1098 domini
774 1067 934 1108 Johanoli
958 1065 1203 1098 Scacabarocii

39 1119 76 1152 15
187 1119 327 1151 domina
349 1119 529 1151 Bonacosa
553 1120 596 1150 de
621 1119 789 1151 Pirovano

186 1183 272 1204 uxor
295 1172 476 1204 Antholini
502 1183 580 1204 cum
604 1182 665 1203 sua
690 1178 792 1215 nepte

187 1236 273 1257 uxor
298 1225 518 1268 Francescoli
542 1225 642 1256 Burri

185 1289 271 1310 uxor
294 1277 462 1310 Arducini
487 1278 643 1320 Benconi
667 1279 710 1309 de
737 1277 905 1310 Cremona

183 1341 271 1362 uxor
293 1331 423 1362 domini
451 1331 618 1372 Johannis
647 1331 690 1362 de
714 1330 884 1363 Besocero

34 1386 76 1417 20
185 1394 271 1415 uxor
293 1384 518 1416 Lanfrancoli
542 1385 584 1415 de
615 1384 744 1426 Bugnis
769 1395 845 1415 cum
876 1384 943 1415 filia

185 1437 326 1469 domina
349 1436 537 1468 Theodora
560 1448 644 1469 uxor
669 1437 844 1468 Francisci
865 1438 907 1469 de
932 1437 1057 1468 Madiis

185 1501 271 1522 uxor
293 1490 435 1533 Mathey
453 1490 497 1521 de
523 1490 702 1522 Gambera.

186 1595 344 1634 Quilibet
367 1597 642 1637 supradictorum
666 1595 839 1628 habebant
859 1596 1060 1628 domicellos
1084 1602 1116 1626 et
1141 1596 1352 1634 domicessas,
1377 1596 1514 1628 nomina
1539 1607 1683 1638 quorum
1715 1602 1749 1627 et
1779 1607 1921 1638 quarum

97 1660 164 1681 non
188 1649 314 1681 scribo.
360 1649 445 1680 Item
469 1653 600 1680 xxnnor
625 1649 805 1680 domicelle
839 1650 997 1687 Domine,
1029 1649 1254 1690 spenditores‚
1288 1650 1400 1691 coqui,
1426 1655 1459 1680 et
1489 1649 1557 1681 alia
1587 1649 1694 1680 multa
1725 1655 1925 1680 ornamenta

33 1703 72 1734 25
96 1709 174 1740 etc„
198 1713 263 1744 que
295 1712 363 1733 non
397 1702 536 1744 expedit
560 1702 678 1738 scribi;
712 1701 758 1734 et'
790 1702 823 1733 in
857 1702 992 1733 nomine
1023 1702 1160 1733 Domini
1192 1707 1407 1734 recesserunt
1439 1703 1482 1733 de
1515 1702 1716 1733 Mediolano
1756 1702 1789 1732 in
1815 1702 1923 1732 mille-

95 1756 179 1787 simo
203 1758 399 1792 cccxmm⁰‚
417 1755 474 1786 die
491 1755 677 1796 penultimo
695 1756 821 1786 mensis
837 1755 961 1796 aprelis
989 1760 1023 1785 et
1039 1755 1181 1797 ingressi
1197 1761 1275 1786 sunt
1298 1755 1483 1796 hospitium
1502 1761 1649 1786 castrum
1674 1754 1803 1786 Vavari
1817 1754 1837 1792 ¹,
1855 1754 1921 1786 alio

94 1809 151 1840 die
176 1807 404 1851 palaceolum,
429 1808 555 1839 deinde
573 1808 754 1850 Brissyam,
780 1806 907 1839 deinde
932 1806 1165 1839 Pischeriam²
1189 1807 1361 1839 districtus
1385 1808 1514 1838 domini
1539 1807 1679 1839 Mastini
1694 1807 1737 1838 de
1763 1807 1794 1838 la
1812 1807 1924 1844 Scala,

95 1862 151 1903 qui
176 1862 363 1893 honorifice
388 1860 530 1892 multum
556 1861 690 1901 recepit
715 1871 843 1896 omnes,
861 1860 987 1891 deinde
1004 1860 1139 1891 iverunt
1155 1860 1337 1896 Veronam,
1354 1860 1478 1901 quibus
1501 1860 1634 1891 obviam
1652 1859 1748 1891 venit
1764 1860 1924 1891 dominus

96 1913 259 1945 Albertus
285 1914 392 1945 frater
416 1913 545 1945 domini
568 1912 709 1944 MastIni
733 1923 809 1944 curn
834 1912 1027 1944 honorabili
1054 1912 1226 1949 comitiva,
1250 1919 1284 1944 et
1307 1913 1410 1943 etiam
1435 1923 1522 1944 uxor
1538 1912 1623 1943 dicti
1641 1912 1771 1943 domini
1790 1912 1923 1943 Alberti

32 1968 72 1998 30
95 1978 171 1999 cum
195 1967 270 1998 aliis
294 1966 508 2003 dominabus,
534 1976 576 1998 ex
600 1977 742 2008 quarum
768 1973 801 1997 et
825 1975 967 2007 quorum
999 1966 1148 1997 adventu
1181 1965 1343 2007 gaudium
1377 1966 1558 1996 maximum
1582 1965 1712 1996 factum
1737 1971 1804 2001 est;
1830 1970 1864 1996 et
1888 1965 1922 1996 in

97 2021 191 2052 dicta
215 2020 351 2051 civitate
376 2020 515 2051 Verone
540 2020 663 2050 morati
687 2025 765 2050 sunt
789 2029 850 2059 per
873 2019 957 2049 duas
975 2019 1094 2050 dietas.
1142 2018 1259 2049 Tertio
1276 2018 1332 2049 die
1350 2024 1463 2049 autem
1479 2023 1693 2049 recesserunt
1710 2018 1753 2049 de
1771 2018 1922 2054 Verona,

94 2079 128 2104 et
151 2073 293 2115 ingressi
315 2079 393 2104 sunt
416 2078 566 2104 castrum
590 2071 835 2103 Montis-fortis
849 2070 877 2107 3;
902 2071 969 2101 alio
994 2071 1048 2103 die
1073 2071 1283 2111 Vicentiam,
1300 2070 1429 2102 deinde
1445 2070 1610 2108 Paduam,
1633 2071 1668 2101 in
1685 2081 1751 2112 qua
1769 2071 1923 2101 dominus

98 2126 248 2168 Jacobus
271 2127 313 2157 de
338 2125 479 2157 Cataria
504 2135 579 2156 cum
605 2124 819 2156 iocunditate
844 2124 976 2165 recepit
999 2134 1131 2160 omnes;
1157 2124 1223 2154 alio
1248 2124 1304 2154 die
1330 2123 1547 2164 aplicuerunt
1571 2123 1746 2159 venetias,
1770 2123 1814 2154 ad
1838 2133 1924 2164 quos

99 2188 216 2210 omnes
241 2188 383 2209 comune
407 2177 630 2209 Venetiarum
647 2177 892 2208 honorabiliter
909 2177 1071 2208 miserunt
1087 2186 1194 2207 naves
1217 2186 1294 2207 suas
1318 2175 1453 2207 obviam
1479 2176 1527 2206 eis
1550 2186 1656 2217 usque
1681 2176 1886 2207 Marcariam
1899 2175 1922 2213 ⁴,

35 2230 74 2262 35
99 2237 132 2263 et
156 2232 398 2262 conduxerunt
423 2241 539 2262 omnes
562 2230 728 2262 Venetias
759 2230 795 2260 in
827 2230 928 2261 domo
960 2229 1162 2266 honorifica,
1193 2229 1326 2260 scilicet
1349 2229 1526 2269 Trappule
1557 2228 1600 2259 de
1625 2228 1699 2260 Cha
1722 2229 1822 2259 leone
1847 2238 1924 2259 cum

97 2284 291 2316 honorabili
316 2284 409 2316 curia
425 2284 583 2324 expensis
607 2283 691 2315 dicti
715 2283 876 2315 Comunis
900 2293 1006 2325 usque
1024 2282 1067 2314 ad
1085 2283 1210 2313 festum
1227 2280 1460 2313 Ascensionis.
1507 2281 1634 2322 Elapso
1651 2281 1740 2312 festo
1757 2280 1924 2322 predicto,

99 2337 193 2369 dicta
216 2338 354 2369 domina
378 2347 454 2368 cum
479 2336 551 2368 eius
575 2336 740 2368 comitiva
763 2341 1031 2379 segregaverunt
1056 2335 1222 2372 Venetiis,
1247 2341 1281 2366 et
1303 2335 1440 2366 iverunt
1464 2334 1629 2372 Paduam,
1653 2334 1778 2366 deinde
1796 2334 1924 2365 Vicen-

97 2390 190 2428 tiam,
209 2390 336 2422 deinde
360 2390 547 2426 Veronam,
572 2390 698 2421 deinde
723 2389 912 2425 Mantuam,
936 2388 1062 2419 deinde
1087 2387 1231 2430 ingressi
1255 2393 1332 2419 sunt
1353 2397 1468 2418 versus
1484 2387 1730 2424 Mediolanum,
1748 2392 1781 2418 et
1797 2386 1924 2428 ubique

98 2444 255 2475 honorati
278 2444 421 2474 fuerunt
446 2448 512 2473 etc.

34 2496 76 2527 40
183 2495 461 2533 MCCCXLVII,
487 2495 530 2526 de
554 2505 669 2526 mense
702 2494 818 2525 madii.
852 2494 1014 2526 Dominus
1045 2494 1232 2535 imperator
1265 2494 1308 2524 de
1340 2491 1509 2535 Bayveria
1541 2492 1682 2523 recessit
1706 2493 1750 2523 de
1783 2492 1922 2524 civitate

95 2549 242 2592 Bryssye
265 2554 299 2580 et
322 2548 383 2580 ivit
406 2548 441 2579 in
476 2547 704 2585 Alemaniam,
737 2547 938 2589 dimixitque
970 2547 1003 2577 in
1035 2547 1173 2589 Bryssia
1205 2546 1290 2578 filios
1321 2555 1409 2582 suOS‚
1441 2545 1577 2576 scilicet
1607 2545 1841 2576 marchionem
1875 2545 1918 2575 de

99 2602 341 2643 Brandiburgo
366 2607 400 2633 et
423 2601 510 2632 alios
530 2607 596 2632 etc.

187 2655 317 2686 Eodem
342 2653 532 2692 millesimo,
556 2655 612 2685 die
636 2654 703 2684 vn⁰
726 2653 851 2684 mensis
867 2653 980 2684 madii.
1007 2652 1169 2683 Dominus
1188 2652 1337 2683 Karolus
1361 2662 1421 2682 rex
1445 2651 1585 2682 Boemie
1610 2651 1792 2682 destinavit
1807 2659 1848 2682 cc
1864 2651 1924 2681 mi-

97 2707 174 2740 lites
198 2714 230 2739 et
254 2716 296 2739 cc
318 2707 452 2748 pedites
475 2707 511 2738 in
535 2707 688 2748 partibus
704 2706 848 2742 Caloris,
872 2711 906 2737 et
930 2706 1184 2737 derobaverunt
1201 2710 1308 2736 totum
1327 2704 1533 2740 comitatum,
1549 2704 1642 2735 unde
1660 2704 1861 2735 festinanter
1876 2703 1922 2734 ibi

188 2843 229 2867 29.
249 2838 275 2860 et
295 2834 392 2868 etiam]
412 2837 463 2860 etc.
483 2836 569 2860 etiam
590 2836 642 2859 AB
662 2848 693 2853 -—
713 2842 755 2866 33.
775 2835 808 2858 ad
829 2843 920 2858 manca
941 2835 966 2857 in
986 2834 1011 2857 A
1032 2847 1063 2850 —
1081 2840 1122 2865 41.
1138 2833 1230 2863 prima
1251 2833 1280 2856 di
1297 2832 1371 2855 filios
1391 2832 1417 2854 r‘n
1437 2832 1461 2855 A
1481 2832 1550 2855 duos
1571 2833 1679 2855 cancell.
1699 2839 1744 2855 con
1763 2839 1796 2854 nn
1816 2832 1876 2862 rigo

185 2933 191 2948 ¹
213 2933 320 2965 Vaprio
334 2932 454 2959 d‘Adda.
468 2940 483 2956 a
497 2939 527 2963 31
549 2932 600 2957 kll.
619 2933 654 2956 da
674 2932 793 2961 Milano,
814 2939 840 2955 v.
861 2930 895 2955 G.
915 2930 983 2954 Gxu-
1126 2928 1136 2943 3
1156 2929 1331 2952 Monteforte
1351 2928 1379 2952 di
1399 2928 1515 2959 Alpone
1535 2936 1549 2951 a
1571 2934 1602 2958 24
1621 2927 1671 2951 kil.
1691 2927 1725 2950 da
1745 2928 1864 2952 Verona.

99 2981 169 3004 mm,
188 2980 229 3006 op.
247 2976 300 3003 cit„
320 2975 353 3004 V,
373 2983 398 3007 p.
413 2974 473 3006 336.
1127 2970 1138 2985 ⁴
1159 2971 1296 2995 Marcam
1318 2979 1331 2994 a
1353 2977 1384 2993 22
1405 2970 1456 2994 kil.
1475 2969 1510 2993 da
1531 2970 1666 2993 Mantova
1686 2970 1760 2993 sulla
1780 2970 1873 2993 strada
1893 2970 1920 2992 <li
1951 2974 1964 2998 5

184 3016 194 3032 ²
213 3017 358 3041 Peschiera
378 3017 421 3040 sul
442 3015 536 3040 Garda
556 3024 570 3040 a
593 3021 621 3046 25
644 3016 695 3040 kil.
714 3015 749 3039 da
769 3015 891 3038 Verona.
1039 3014 1188 3038 Cremona.

1976 650 1998 668 M
2004 654 2050 673 ux„
2065 650 2103 673 ⁴³⁶

2009 1713 2030 1728 C.
2045 1713 2082 1729 114
2093 1714 2105 1726 7¹
