2360 3603
177 1219 251 1242 Mum,
269 1223 305 1241 ,γη

214 1647 233 1660 c.
248 1647 307 1664 1050

324 2752 356 2769 10

325 2962 354 2986 15

394 232 465 266 130

386 362 488 393 citum
512 361 639 392 domini
661 359 882 392 Marchionis.

386 415 443 456 qui
468 414 610 446 relaxati
633 415 770 444 fuerunt
793 422 854 453 pro
879 412 956 443 aliis
980 412 1099 453 captis.

1014 228 1323 263 CHRONICON
1352 226 1580 261 ESTENSE

2045 233 2095 265 [A.
2116 235 2208 265 1³45]

928 359 1061 389 Tamen
1085 363 1204 399 captus
1228 357 1293 389 fuit
1318 357 1472 389 dominus
1502 357 1588 400 Sing
1611 356 1653 388 ab
1678 357 1820 388 inimicis
1844 367 1920 388 cum
1945 357 2093 399 quinque
2117 357 2208 389 sotiis

471 467 535 498 Die
560 467 674 498 martis
697 465 880 507 sequentis,
904 465 1060 496 dominus
1084 463 1288 495 Franciscus
1311 464 1475 500 marchio,
1499 463 1621 495 nobilis
1645 463 1769 500 cordis,
1793 463 1838 494 ad
1863 472 1982 493 cenam
2007 463 2209 494 convocavit

385 526 418 551 et
440 520 558 550 habuit
581 519 691 550 dictos
716 523 844 559 captos,
868 524 901 549 et
918 523 1037 558 postea
1054 516 1189 549 dimixit
1206 526 1264 547 eos
1281 516 1391 547 redire
1417 516 1461 547 ad
1484 526 1641 557 campum
1665 526 1759 546 suum
1784 526 1860 546 cum
1884 522 2095 547 sacramento
2119 515 2208 546 fidei.

475 572 606 604 Eodem
630 571 805 603 millesimo
830 577 864 602 et
886 581 1004 602 mense
1026 570 1168 612 augusti.
1192 570 1356 601 Dominus
1381 570 1494 601 Guido
1524 569 1567 600 de
1591 569 1728 611 Corigia
1752 569 1847 600 obiit.

473 625 603 656 Eodem
627 624 804 655 millesimo
829 629 863 655 et
887 633 1012 655 mense.
1038 623 1211 664 Johannes
1228 623 1365 665 Romey
1383 623 1425 653 de
1442 622 1580 662 Pepulis
1597 622 1641 653 de
1667 622 1821 653 Bononia
1845 621 1928 653 obiit
1952 622 1985 652 in
2010 622 2103 653 dicta
2126 622 2210 653 civi-

387 684 453 709 tate
479 684 511 709 et
535 677 722 709 honorifice
746 676 895 717 sepultus
919 676 963 707 ad
986 676 1099 707 locum
1122 675 1265 706 fratrum
1289 674 1549 706 predicatorum
1565 673 1584 705 ¹.

473 731 604 762 Eodem
621 730 809 767 millesimo,
834 729 890 760 die
914 729 1049 760 veneriS
1073 738 1178 759 xvnn
1203 728 1346 770 augusti.
1372 728 1501 759 Gentes
1518 727 1645 758 domini
1669 726 1883 758 Marchionis
1901 727 2135 769 equitaverunt
2152 737 2209 758 ca-

384 789 489 814 strum
512 784 539 815 F
543 782 649 814 illini²
674 782 706 813 in
732 782 888 813 districtu
913 781 1044 819 Parme,
1069 780 1127 812 ubi
1150 781 1351 812 invenerunt
1375 782 1465 811 circa
1482 787 1546 810 CCC
1571 779 1730 811 barbutas
1747 780 1877 811 domini
1900 779 2061 818 Luchini,
2077 780 2120 811 de
2137 780 2210 822 qui-

383 836 445 867 bus
468 836 659 867 habuerunt
682 839 799 876 captas
823 843 893 864 cxx
918 840 951 864 et
976 839 1024 865 tot
1048 843 1164 874 equos,
1190 838 1222 864 et
1246 832 1366 864 multas
1390 833 1592 864 occiderunt
1616 842 1657 863 ex
1681 832 1739 864 eis.

471 888 601 920 Eodem
625 887 802 919 millesimo
818 893 851 918 et
868 887 933 919 die.
959 887 1138 918 Exercitus
1161 886 1311 928 gentium
1335 885 1464 916 domini
1488 885 1693 917 marchionis
1710 885 1874 928 Obiconis
1897 885 2029 917 iverunt
2052 885 2147 916 circa
2162 885 2210 916 ci-

385 942 523 973 vitatem
547 941 651 983 Regii
675 941 709 971 in
734 940 923 971 obsidione.

472 995 603 1026 Eodem
621 993 799 1025 millesimo
816 999 849 1024 et
865 1002 991 1023 mense.
1015 992 1143 1024 Civitas
1160 991 1273 1037 §Zadre
1289 990 1452 1022 rebellata
1469 996 1519 1022 est
1536 991 1671 1022 comuni
1690 991 1915 1022 Venetiamm
1931 996 2070 1032 propter
2086 991 2208 1022 malum

384 1047 536 1089 regimen
560 1046 787 1083 Venetorum3
813 1056 917 1088 quare
940 1045 1086 1076 maxima
1117 1055 1241 1087 guerra
1264 1045 1402 1086 incepta
1433 1050 1484 1075 est
1515 1044 1602 1075 inter
1626 1044 1734 1075 dictas
1764 1050 1896 1085 partes;
1922 1050 1955 1074 et
1987 1043 2080 1074 multi
2105 1044 2209 1085 capti,

384 1101 505 1132 mortui
533 1106 566 1132 et
596 1101 764 1131 vulnerati
788 1099 935 1130 fuerunt.

385 1160 487 1185 tatem
512 1164 588 1185 cum
612 1153 693 1184 forti
709 1152 854 1184 hastilia.

471 1207 603 1239 Eodem
626 1206 804 1237 millesimo
827 1212 860 1237 et
883 1215 1010 1236 mense.
1035 1204 1253 1236 Honorabilis
1285 1203 1430 1236 do'mina
1455 1204 1590 1235 domina
1617 1202 1784 1236 Ciancia3
1808 1215 1893 1235 uxor
1924 1203 2095 1246 quondam
2119 1202 2210 1245 regis

383 1260 529 1292 Roberti
555 1261 598 1291 de
621 1259 748 1301 Apulia
771 1259 854 1290 obiit
877 1259 911 1289 in
937 1258 1073 1289 civitate
1098 1258 1290 1299 Neapolim.

468 1313 600 1344 Eodem
625 1311 815 1349 millesimo,
838 1311 893 1343 die
917 1321 983 1342 VIII
1008 1311 1132 1342 mensis
1155 1310 1364 1351 septembris
1390 1309 1608 1341 Honorabilis
1626 1309 1783 1341 dominus
1807 1310 1962 1341 dominus
1984 1309 2151 1340 Mastinus
2167 1309 2210 1340 de

382 1367 415 1397 la
438 1366 550 1403 Scala,
573 1366 746 1408 Johannes
770 1364 900 1396 domini
925 1364 1048 1406 Tadey
1073 1364 1115 1394 de
1138 1363 1286 1404 Pepulis‚
1313 1363 1466 1394 dominus
1482 1363 1664 1394 Hostaxius
1687 1363 1730 1394 de
1754 1363 1895 1394 Polenta
1912 1373 1988 1394 cum
2013 1372 2129 1393 eorum
2152 1371 2210 1393 co-

382 1418 499 1449 mitiva
521 1423 688 1449 venerunt
712 1417 901 1448 Ferrariam
925 1417 969 1447 ad
993 1416 1242 1457 parlamentum
1259 1426 1335 1447 cum
1354 1415 1490 1446 domino
1508 1415 1705 1446 marchione
1730 1414 1883 1457 Obieone
1908 1420 1985 1453 etc„
2001 1415 2057 1457 qui
2083 1424 2141 1445 eos
2157 1424 2210 1444 re-

383 1472 475 1513 cepit
499 1470 698 1502 honorifice.

469 1525 599 1556 Eodem
623 1523 812 1561 millesimo,
830 1533 935 1553 xx1111
952 1522 1163 1563 septembris,
1188 1522 1381 1553 Existentes
1404 1522 1574 1553 exercitus
1590 1521 1717 1552 domini
1741 1521 1945 1552 marchionis
1961 1520 2124 1563 Obiconis
2145 1526 2208 1552 etc.

383 1578 475 1610 circa
501 1577 673 1609 civitatem
697 1576 810 1618 Regii,
836 1576 908 1606 lieri
932 1575 1091 1606 fecerunt
1115 1575 1252 1605 foveam
1278 1574 1423 1606 civitatis
1448 1574 1550 1606 circa.

468 1630 672 1671 Supradicto
696 1629 873 1660 millesimo
898 1634 932 1659 et
955 1627 1127 1659 mensibus
1150 1627 1244 1669 junii,
1268 1627 1342 1670 julii
1366 1633 1399 1658 et
1422 1628 1564 1669 augusti.
1597 1627 1811 1668 Infrascripti
1843 1632 2072 1658 tractaverunt
2096 1626 2210 1658 diver-

383 1684 428 1716 sis
451 1684 560 1715 modis
583 1689 723 1714 mortem
746 1682 837 1725 regis
861 1681 1022 1724 Andreae
1046 1681 1135 1723 regis
1158 1680 1283 1721 Apulie
1306 1680 1340 1711 in
1366 1680 1502 1712 civitate
1527 1679 1646 1722 Capue
1670 1686 1702 1711 et
1726 1680 1907 1721 Neapolim
1922 1680 1941 1711 ⁴.

471 1785 595 1816 Comes
618 1784 830 1826 Trelicianus
844 1783 854 1799 ⁵

470 1837 617 1880 Magnus
640 1837 838 1869 siniscalcus
850 1836 861 1853 ⁶

469 1891 619 1922 Karolus
642 1889 806 1921 Artuxius
829 1890 915 1921 filius
939 1889 1099 1920 naturalis
1123 1889 1295 1930 quondam
1321 1888 1412 1932 regis
1438 1889 1581 1920 Roberti

469 1943 618 1975 Beltram
641 1943 729 1974 filius
752 1943 835 1974 dicti
858 1943 980 1974 Karoli

468 1998 543 2029 Duo
568 1996 695 2027 domini
718 1996 883 2028 Leonisse

468 2051 619 2081 Thomas
654 2051 671 2095 1
695 2049 873 2081 camerarii
897 2049 1082 2091 supradicti
1104 2049 1203 2091 regis,
1228 2055 1261 2080 et
1284 2048 1342 2080 filii
1359 2049 1530 2090 quondam
1555 2048 1680 2080 domini
1704 2047 1808 2090 Pacci
1827 2048 1870 2079 de
1894 2047 2056 2083 Bononia,
2081 2046 2139 2088 qui
2155 2056 2210 2077 su-

469 2104 627 2136 Maxolus
656 2097 667 2137 l
738 2103 853 2144 spensi
879 2103 1016 2133 fuerunt
1040 2103 1132 2133 dicta
1158 2112 1260 2133 causa

469 2156 647 2188 Comitissa
669 2166 752 2187 uxor
777 2155 906 2187 comitis
930 2154 1113 2192 Marconis,
1137 2161 1260 2186 vocata
1284 2155 1383 2186 dama
1408 2154 1522 2200 §lanea
1536 2153 1546 2170 ⁷
1648 2154 1760 2197 magni
1785 2153 1981 2185 siniscalchi

472 2309 494 2332 5.
515 2304 661 2328 millesimo
681 2305 708 2327 et
727 2311 774 2328 om.
796 2304 874 2328 MUR.
896 2315 927 2320 —-
945 2302 970 2326 6.
990 2302 1166 2327 Eodem....
1192 2310 1283 2327 mense
1301 2310 1349 2327 om.
1368 2302 1445 2326 Mun.
1465 2314 1475 2319 -
1496 2301 1528 2325 de
1546 2301 1676 2324 Bononia
1694 2308 1742 2324 om.
1762 2301 1841 2324 MUR.
1859 2313 1891 2317 —-
1911 2307 1936 2331 9.
1954 2299 2062 2324 barbut.
2082 2299 2124 2326 A:
2144 2297 2206 2322 bar-

382 2346 463 2369 butos
482 2346 594 2370 BMUR.
615 2359 647 2362 —
669 2352 709 2369 10.
729 2346 798 2377 capt.
819 2345 896 2371 AB:
914 2346 1010 2376 captos
1029 2345 1107 2368 MUR.
1127 2357 1138 2362 -
1156 2344 1260 2368 multos
1280 2344 1425 2368 ABMUR.
1447 2357 1478 2361 —
1501 2350 1540 2367 Π.
1559 2342 1705 2366 millesimo
1724 2342 1752 2366 et
1770 2349 1818 2366 om.
1838 2342 1915 2366 Mun.
1936 2354 1968 2358 —
1996 2346 2037 2370 13.
2057 2339 2205 2364 millesimo

384 2389 409 2410 et
428 2395 475 2410 om.
491 2388 568 2412 Mun.
588 2400 619 2404 —
637 2393 676 2417 17.
696 2388 871 2412 Eodem....
892 2393 983 2410 mense
1002 2393 1050 2411 om.
1070 2386 1149 2410 MUR.
1161 2399 1194 2403 —
1210 2386 1250 2410 18.
1270 2385 1390 2416 Neapoli
1404 2385 1482 2409 MuR.
1504 2397 1533 2401 —
1556 2391 1595 2415 19.
1617 2384 1755 2407 Mastinus
1774 2384 1803 2406 in
1820 2383 1844 2406 A
1864 2390 1922 2414 agg.
1944 2381 2159 2409 nell'interlineo,
2178 2381 2208 2403 di

380 2430 470 2459 prima
489 2436 575 2456 mano,
595 2428 623 2451 al
640 2429 669 2451 di
686 2431 761 2459 sopra
780 2429 810 2451 di
828 2428 915 2452 Canis
937 2427 1074 2450 cancellato
1093 2435 1138 2451 con
1157 2435 1193 2450 un
1212 2428 1270 2458 rzgro
1290 2440 1321 2444 -
1343 2433 1384 2457 23.
1410 2426 1513 2450 Eodem
1540 2424 1698 2457 millesimo]
1724 2425 1777 2448 Die
1802 2425 1879 2448 MUR.
1905 2437 1937 2441 —-
1963 2430 2005 2453 24.
2029 2429 2106 2454 segue
2129 2423 2159 2446 in
2182 2423 2206 2445 A

383 2470 477 2494 eodem
495 2470 642 2494 millesimo
662 2471 689 2494 et
709 2477 801 2494 mense
814 2478 888 2493 senza
901 2469 995 2493 alcuna
1015 2469 1084 2492 altra
1104 2470 1207 2492 notizia.
1233 2468 1283 2492 V¹e
1297 2470 1360 2499 perit
1379 2476 1431 2491 uno
1453 2468 1537 2498 spazio
1557 2468 1645 2490 bianco
1659 2481 1690 2483 —
1706 2472 1748 2496 25.
1767 2465 1945 2498 Supradicto]
1965 2465 2060 2489 eodem
2082 2465 2158 2489 Mun.
2173 2477 2206 2482 —-

383 2511 422 2535 26.
443 2512 569 2536 Andreae
589 2512 613 2534 B
625 2512 699 2536 Mun.
721 2525 752 2529 -—
772 2517 813 2541 32.
832 2513 859 2535 et
872 2512 934 2542 dopo
948 2511 1070 2535 Thomas
1083 2518 1142 2542 agg.
1159 2511 1236 2535 MUR.
1251 2523 1283 2527 —
1296 2515 1339 2540 34.
1352 2510 1414 2540 dopo
1429 2508 1523 2542 (ganea
1536 2508 1630 2532 lacuna
1644 2509 1672 2531 in
1686 2507 1708 2532 A
1719 2508 1743 2531 B
1755 2520 1766 2526 -
1779 2508 1875 2539 magni
1888 2507 2048 2531 siniscalchi
2065 2514 2112 2530 om.
2127 2506 2206 2531 Mun.

471 2621 478 2636 ¹
505 2622 527 2645 Il
548 2623 589 2646 De
615 2622 789 2646 Griffonibus
815 2621 890 2653 (RR.
911 2620 946 2644 II.
973 2620 1030 2648 SS„
1051 2629 1076 2653 p.
1098 2620 1141 2652 56)
1159 2620 1220 2645 fissa
1240 2620 1268 2644 la

382 2663 461 2687 data:
482 2663 497 2687 8
516 2663 648 2694 d’agosto,
669 2670 712 2686 ma
732 2670 788 2686 non
808 2662 837 2686 fa
857 2664 946 2687 motto
965 2663 1038 2687 della
1058 2662 1209 2694 sepoltura.

470 2703 480 2719 ²
501 2706 600 2729 Felino
618 2705 733 2729 castello
753 2712 768 2728 a
791 2711 819 2735 15
841 2705 888 2728 kil.
908 2704 973 2729 S·O.
993 2704 1020 2728 di
1038 2704 1147 2728 Parma.

470 2745 480 2761 ³
499 2747 597 2771 Saucia
617 2747 775 2778 d'Aragona
794 2745 865 2770 mori
884 2747 904 2770 il
924 2746 956 2771 28
971 2746 1060 2777 luglio
1078 2751 1141 2777 1345
1157 2753 1171 2769 e
1184 2745 1215 2780 ru
1228 2752 1268 2768 se-

382 2789 459 2820 polta
477 2788 548 2812 nella
566 2789 660 2812 chiesa
679 2788 708 2811 di
722 2788 810 2812 Santa
826 2789 914 2812 Maria
928 2788 997 2812 della
1011 2787 1108 2812 Croce.
1145 2786 1267 2810 L’aveuo

381 2830 411 2853 in
432 2837 538 2853 marmo
557 2830 606 2854 che
625 2831 778 2853 conteneva
798 2829 816 2852 il
830 2837 916 2860 corpo
930 2830 1003 2853 della
1017 2829 1125 2860 Regina
1139 2828 1170 2852 fu
1183 2828 1267 2852 ritro-

383 2873 448 2895 vato
468 2872 492 2895 al
511 2871 655 2903 principio
675 2871 717 2895 del
743 2878 795 2895 sec.
820 2871 884 2896 XIX
909 2873 984 2895 sotto
1010 2871 1098 2894 l’altar
1123 2870 1266 2902 maggiore

381 2912 408 2936 di
428 2913 503 2936 detta
523 2914 621 2937 chiesa.
659 2912 702 2937 Cf.
722 2913 869 2937 Domuum
896 2915 939 2937 Da:
963 2913 1103 2937 GRAVINA
1127 2912 1264 2940 NOTARII,

386 2955 528 2977 Chrom'con
548 2956 578 2977 de
598 2955 682 2978 Rebus
702 2956 729 2978 in
749 2955 847 2985 Apulia
868 2955 963 2982 Gestis,
984 2954 1040 2978 RR.
1061 2954 1096 2977 II.
1118 2953 1177 2980 SS.,
1193 2953 1266 2982 XIII,

383 3003 408 3028 p.
428 3003 451 3027 9,
473 2998 538 3020 nota
559 2996 582 3025 S,
603 3004 695 3020 nuova
721 2997 787 3020 ediz.
823 2996 936 3024 Quanto
958 2996 1012 3019 allo
1032 3003 1116 3027 sposo
1141 2995 1265 3018 Roberto

1322 2618 1454 2652 d'Angic')‚
1470 2619 1488 2643 il
1505 2619 1649 2642 Chrom‘con
1668 2626 1702 2642 ne
1720 2618 1838 2649 registra
1851 2617 1878 2641 la
1897 2618 1986 2641 morte
1999 2616 2126 2640 all’anno
2143 2621 2207 2647 1342

1321 2663 1350 2685 in
1364 2661 1498 2690 febbraio‚
1517 2669 1561 2686 ma
1581 2662 1605 2685 si
1624 2662 1710 2685 tratta
1729 2660 1757 2684 di
1777 2667 1813 2684 un
1833 2667 1938 2685 errore:
1957 2657 2007 2683 che
2025 2659 2081 2690 egli
2100 2657 2171 2682 mori
2190 2659 2210 2682 il

1323 2710 1355 2734 19
1375 2711 1458 2735 genn.
1482 2709 1555 2734 1343.

1409 2744 1420 2759 ⁴
1440 2745 1461 2768 11
1475 2746 1572 2769 nostro
1587 2745 1683 2768 autore
1697 2743 1726 2775 (ο
1739 2742 1857 2775 copista)
1871 2743 1991 2775 adopera
2003 2742 2118 2774 qualche
2132 2741 2209 2765 volta

1322 2786 1457 2817 Neapolim
1477 2793 1553 2809 come
1568 2785 1774 2809 indeclinabile.
1810 2784 1865 2808 Noi
1879 2785 2044 2808 accestiamo
2063 2783 2120 2814 qui,
2133 2789 2209 2806 come

1320 2827 1396 2859 negli
1415 2828 1482 2851 altri
1501 2828 1568 2856 casi,
1588 2827 1615 2850 la
1634 2827 1739 2850 lezione
1759 2825 1803 2849 del
1824 2825 2017 2848 manoscritto.

1406 2868 1417 2883 ⁵²
1436 2868 1526 2892 Conte
1546 2868 1574 2892 di
1594 2868 1718 2897 Terlizzi,
1739 2867 1912 2891 maresciallo
1933 2866 1973 2890 del
1992 2867 2098 2897 Regno.

1405 2909 1416 2924 ⁶
1434 2910 1558 2934 Roberto
1579 2910 1612 2933 de
1633 2908 1762 2933 Cabanni
1781 2910 1864 2932 conte
1884 2908 1914 2931 di
1933 2907 2023 2931 Eboli.

1407 2951 1417 2965 7
1437 2951 1535 2976 Saucia
1554 2952 1683 2974 contessa
1711 2950 1738 2973 di
1758 2950 1890 2973 Morcone
1909 2956 1924 2973 e
1947 2949 2018 2979 figlia
2038 2948 2066 2971 di
2085 2948 2208 2972 Roberto

1318 2994 1455 3018 Cabanni.

2237 833 2275 862 10

982 1099 1082 1130 Tunc
1106 1097 1232 1130 Veneti
1262 1097 1488 1129 incontinenti
1519 1095 1775 1128 destinaverunt
1803 1097 1986 1128 exercitum
2010 1097 2104 1128 circa
2128 1096 2211 1128 civi·
2237 1095 2273 1127 15

2234 1362 2275 1392 20

2233 1625 2274 1656 25

2233 1939 2273 1971 30

2237 2744 2270 2762 20

2237 2954 2267 2980 ²5
