2360 3603
203 976 275 999 Mun„
291 981 329 999 452

213 1459 233 1472 t.
247 1458 284 1476 125
293 1459 305 1471 ν

404 255 470 290 104
1020 253 1327 288 CHRONICON
1359 252 1523 288 ESTEN
1527 252 1585 287 SE
1911 257 1993 291 [AA.
2015 257 2208 292 1348-1349]

481 386 611 417 Eodem
634 385 823 421 millesimo,
848 385 902 416 die
927 394 975 414 xx
997 384 1082 427 julii.
1127 382 1329 426 Raynaldus
1352 383 1437 414 filius
1461 383 1671 415 marchionis
1694 382 1861 425 Obiconis
1885 389 1951 415 etc.
1983 383 2067 415 obiit
2090 384 2126 415 in
2158 383 2208 415 ci-

396 439 500 469 vitate
524 437 692 474 Ferrarie,
717 443 749 468 et
773 437 921 478 sepultus
945 437 989 467 ad
1011 436 1125 467 locum
1149 436 1292 467 fratrum
1316 435 1490 466 Minorum
1514 435 1549 466 in
1572 435 1739 467 Ferraria.

481 491 615 522 Eodem
637 490 828 528 millesimo,
852 489 907 520 die
932 492 1034 519 XXVI⁰
1057 488 1203 531 augusti.
1248 487 1432 530 Navigium
1453 488 1586 520 'domini
1610 488 1817 520 marchionis
1840 488 2004 531 Obiconis
2027 494 2061 520 et
2082 489 2209 521 domini

396 543 535 574 Mastini
559 544 601 574 de
626 543 657 574 la
679 541 781 573 Scala
805 542 959 573 discessit
981 541 1151 579 Ferraria,
1175 547 1207 572 et
1230 541 1375 583 ingressi
1399 547 1475 572 sunt
1499 541 1734 573 Guvernulum
1749 541 1758 558 ¹
1791 541 1971 573 discrictus
1993 542 2145 580 Mantue,
2175 548 2209 574 et

395 601 677 637 expugnaverunt
699 601 850 636 pontem,
875 601 908 626 et
932 594 1038 626 nichil
1062 594 1204 635 profuit,
1228 599 1262 625 et
1292 600 1433 635 propter
1465 594 1591 625 famem
1622 600 1846 634 recesserunt,
1871 600 1905 626 et
1927 595 2102 626 redierunt
2133 605 2208 635 par·
2255 595 2272 625 5

396 649 483 680 tibus
506 649 586 680 suis.

481 702 615 733 Eodem
638 701 819 732 millesimo
834 707 868 732 et
889 707 1053 742 tempore,
1071 700 1175 741 aliqui
1192 700 1284 731 cives
1301 699 1435 741 Capitis
1459 700 1597 742 Ystrye,
1614 706 1757 741 propter
1775 700 1925 742 iniquam
1944 701 2208 733 dominationem

396 755 550 785 comunis
573 754 795 785 Venetiarum
820 760 852 785 et
877 764 993 784 eorum
1017 753 1220 789 officialium,
1245 758 1480 783 tractaverunt
1505 763 1581 784 cum
1605 753 1728 784 comite
1752 753 1967 795 Runinberg‚
1998 754 2207 785 comite....

396 807 519 838 comite
545 807 675 839 Guritie
700 813 733 837 et
756 807 955 838 marchione
978 805 1117 848 Ystrye‚
1141 804 1308 837 rebellare
1327 805 1497 836 civitatem
1523 805 1661 836 comuni
1676 805 1898 837 Venetiarum
1915 812 1950 838 et
1965 806 2014 837 sic
2041 806 2209 838 fecerunt.

394 860 499 897 Quod
523 860 634 891 sciens
658 870 801 891 comune
824 859 1061 896 Venetiarum,
1083 864 1355 899 preparaverunt
1377 858 1559 889 maximum
1588 858 1762 900 navigium
1794 864 1827 890 et
1858 858 2057 891 direxerunt
2087 859 2210 900 Capud
2236 860 2274 890 10

394 913 508 944 Ystrie
522 912 544 951 ²,
567 919 603 944 ut
625 914 731 954 ipsam
757 917 1011 953 recuperarent,
1034 912 1076 943 de
1101 910 1224 953 quibus
1246 910 1404 953 gentibus
1427 910 1554 954 navigii
1577 911 1750 942 subfocati
1768 917 1845 942 sunt
1860 911 1955 943 multi
1972 917 2113 953 propter
2127 917 2210 943 tem-

397 968 575 1007 pestatem'
600 965 712 996 maris.

482 1019 610 1052 Eodem
634 1018 823 1055 millesimo,
847 1018 903 1049 die
928 1017 1045 1049 martis
1067 1017 1185 1049 ultimo
1209 1016 1425 1058 septembris.
1470 1017 1600 1048 Gentes
1616 1017 1743 1049 domini
1761 1016 1970 1060 Phylyppini
1986 1017 2030 1048 de
2047 1017 2210 1060 Goncaga

393 1072 622 1104 conflixerunt
643 1078 763 1114 gentes
787 1071 916 1102 domini
938 1071 1085 1102 Luchini
1109 1070 1332 1102 Vicecomitis
1356 1071 1540 1102 existentes
1563 1080 1638 1102 cum
1664 1070 1812 1113 navigio,
1843 1076 1875 1102 et
1905 1070 2060 1102 similiter
2090 1075 2210 1113 gentes

394 1132 571 1167 equestres
595 1130 629 1156 et
652 1126 841 1166 pedestres.
2237 1122 2273 1154 15

482 1178 613 1210 Eodem
636 1178 827 1215 millesimo,
852 1177 908 1208 die
932 1178 1040 1218 primo
1059 1177 1220 1209 octubris.
1260 1177 1430 1209 Restituta
1447 1176 1513 1208 fuit
1529 1176 1634 1208 rocha
1651 1176 1763 1208 Axule
1780 1176 1919 1208 domino
1935 1176 2090 1208 Luchino
2107 1176 2210 1208 Vice-

395 1231 524 1267 comiti,
549 1242 649 1272 quam
674 1230 872 1262 obtinebant
896 1230 1024 1261 domini
1050 1230 1201 1262 Mantue,

481 1283 612 1315 Eodem
637 1283 824 1320 millesimo,
850 1283 905 1314 die
928 1283 986 1314 111⁰
1009 1283 1169 1314 octubris.
1217 1282 1398 1314 Exercitus
1421 1282 1550 1314 domini
1578 1282 1718 1313 Mastini
1744 1283 1787 1313 de
1810 1283 1844 1313 la
1876 1282 1979 1314 Scala
2004 1282 2144 1314 recessit
2167 1282 2210 1313 de

393 1337 549 1368 districtu
573 1336 725 1374 Mantue,
749 1342 782 1367 et
803 1334 977 1366 redierunt
1002 1335 1178 1367 Valecium
1205 1336 1378 1366 districtus
1399 1335 1551 1366 Verone.

478 1390 610 1421 Eodem
634 1389 824 1427 millesimo,
856 1389 910 1419 die
944 1388 995 1419 X1⁰
1027 1389 1110 1420 dicti
1142 1389 1274 1420 mensis.
1321 1388 1485 1419 Dominus
1510 1388 1717 1420 Beltrandus
1741 1389 1928 1420 cardinalis
1951 1389 1994 1420 de
2018 1387 2208 1420 Ombrum³
2234 1388 2275 1419 20

392 1443 484 1474 venit
508 1442 720 1479 Ferrariam:
744 1441 868 1474 deinde
893 1442 1065 1484 ingressus
1089 1448 1139 1474 est
1162 1441 1381 1473 Avinionem.

477 1496 607 1528 Eodem
632 1496 821 1533 millesimo,
845 1495 900 1526 die
925 1495 1003 1526 XV1⁰
1025 1495 1150 1526 mensis
1174 1494 1335 1526 octubris,
1381 1495 1544 1526 Dominus
1560 1495 1734 1537 Johannes
1751 1495 1795 1526 de
1817 1495 1957 1537 Pepulis
1973 1495 2066 1526 venit
2089 1495 2212 1527 Ferra-

395 1549 489 1587 riam,
514 1555 547 1580 et
569 1549 632 1581 ivit
659 1548 842 1580 Veronam.

480 1603 610 1634 Eodem
635 1602 826 1639 millesimo,
850 1602 906 1633 die
930 1601 1026 1633 X1111⁰
1051 1602 1175 1633 mensis
1198 1601 1403 1639 novembris,
1426 1602 1519 1633 circa
1542 1601 1668 1633 tertias.
1715 1601 1881 1633 Dominus
1898 1601 2045 1633 Gentilis
2061 1601 2103 1633 de
2121 1600 2210 1633 Mol-

394 1656 484 1687 liano
509 1656 665 1687 dominus
690 1656 836 1686 civitatis
859 1655 972 1686 Fermi
995 1655 1030 1685 in
1055 1654 1213 1686 Marchia
1244 1654 1448 1686 anconitana
1479 1664 1556 1685 cum
1587 1655 1699 1686 multis
1730 1655 1943 1697 equestribus
1974 1661 2008 1687 et
2037 1654 2210 1696 peditibus
2233 1653 2273 1685 25

393 1713 661 1750 segregaverunt
683 1714 774 1739 terra
798 1707 1076 1745 Monticulorum,
1108 1714 1142 1739 et
1164 1708 1382 1748 aplicuerunt
1406 1713 1531 1738 terram
1555 1707 1674 1739 Sancti
1706 1706 1861 1739 Severini
1873 1708 1894 1739 ⁴.
1926 1708 2027 1739 Tunc
2051 1707 2209 1738 dominus

393 1760 575 1793 Malatesta
599 1767 632 1792 et
655 1761 813 1793 dominus
838 1761 1022 1792 Galeoctus
1045 1761 1179 1797 fratres,
1203 1760 1330 1792 domini
1352 1759 1498 1791 Arimini
1521 1766 1585 1792 etc.
1611 1767 1908 1803 congregaverunt
1927 1767 2046 1803 gentes
2069 1771 2154 1797 suas,
2177 1766 2213 1792 et

393 1820 523 1846 armata
546 1825 648 1846 manu
671 1819 791 1846 contra
815 1815 990 1856 predictos
1013 1814 1181 1851 inimicos,
1206 1814 1351 1856 ingressi
1375 1820 1452 1845 sunt
1475 1814 1519 1845 ad
1544 1815 1726 1855 quemdam
1749 1825 1884 1855 passum
1916 1814 2091 1846 cuiusdam
2122 1824 2210 1856 aque

393 1868 530 1899 nomine
554 1867 724 1904 Potentie‚
755 1874 789 1898 et
811 1867 946 1898 insimul
970 1867 1152 1898 maximum
1175 1868 1301 1899 bellum
1327 1867 1581 1900 commiserunt:
1600 1873 1714 1898 tamen
1733 1867 1882 1900 conflicti
1899 1868 2039 1899 fuerunt
2055 1866 2211 1898 dominus

393 1921 539 1952 Gentilis
563 1926 597 1952 et
619 1921 687 1957 sui;
713 1926 747 1952 et
770 1921 834 1952 fuit
858 1927 977 1962 captus
1012 1920 1169 1952 dominus
1205 1920 1349 1952 Gentilis
1386 1931 1463 1951 cum
1487 1920 1641 1961 pluribus
1663 1920 1733 1951 suis
1754 1925 1788 1951 et
1819 1920 1957 1952 domino
1990 1920 2101 1951 Domo
2133 1919 2207 1951 eius
2230 1918 2272 1950 30

393 1974 575 2015 capitaneo
600 1974 717 2010 etiamg
741 1975 799 2016 qui
822 1975 916 2015 capti
941 1974 1081 2005 fuerunt
1106 1973 1199 2004 circa
1222 1982 1296 2011 ccc,
1320 1973 1447 2005 deinde
1473 1974 1673 2005 dimiserunt
1697 1973 1872 2004 dominum
1888 1974 2032 2004 Domum
2049 1983 2125 2004 cum
2143 1971 2212 2003 suis

392 2028 436 2058 ad
460 2027 571 2064 fidem,
597 2033 630 2058 et
651 2034 834 2060 tenuerunt
858 2027 1031 2059 dominum
1049 2027 1221 2059 Gentilem
1235 2030 1245 2046 ⁵
1260 2037 1367 2068 usque
1384 2033 1525 2067 tempus,
1543 2027 1636 2068 quod
1651 2026 1800 2067 predicti
1819 2027 1861 2057 de
1877 2025 2068 2058 Malatestis
2084 2025 2211 2057 habue-

392 2086 469 2111 runt
491 2086 604 2121 pacta,
628 2091 694 2121 qua
718 2081 899 2112 voluerunt
922 2082 964 2112 ab
989 2090 1042 2117 eo,
1066 2086 1186 2121 postea
1209 2079 1413 2111 dimiserunt
1436 2090 1511 2110 eum
1536 2085 1602 2111 etc.

479 2133 611 2164 Eodem
628 2133 840 2174 [millesimo]‚
865 2133 920 2165 die
944 2133 996 2164 vr⁰
1020 2133 1144 2164 mensis
1162 2132 1363 2170 decembris,
1380 2133 1423 2164 de
1440 2138 1551 2164 nocte.
1597 2132 1762 2164 Dominus
1786 2132 1968 2164 Malatesta
1985 2132 2028 2164 de
2051 2131 2209 2163 Arimino

391 2185 434 2216 de
451 2185 684 2227 volu[m]ptate
700 2186 891 2228 aliquorum
916 2187 1040 2218 civium
1064 2185 1211 2217 Ancone
1226 2186 1365 2217 intravit
1380 2191 1414 2216 et
1431 2184 1548 2217 habuit
1564 2184 1711 2216 mediam
1729 2185 1856 2216 dictam
1871 2185 2063 2222 civitatem3
2081 2184 2210 2217 deinde
2233 2183 2272 2215 35

392 2250 453 2281 per
477 2239 546 2271 vim
569 2239 753 2281 acquisivit
775 2241 875 2271 aliam
898 2240 1117 2271 medietatem
1143 2246 1208 2271 etc.

1128 2335 1463 2368 MCCCXLV11110r.

479 2407 541 2438 Die
564 2407 603 2438 x⁰
618 2407 742 2439 mensis
763 2407 918 2450 januarii.
964 2407 1128 2439 Dominus
1143 2407 1324 2438 Malatesta
1340 2406 1499 2448 Ungarus
1515 2405 1602 2437 filius
1616 2405 1793 2446 magnifici
1808 2404 1937 2437 domini
1954 2404 2084 2437 domini
2099 2403 2209 2436 Mala-

480 2525 502 2550 7.
529 2520 681 2543 millesimo
700 2522 728 2543 et
747 2528 794 2544 om.
814 2521 891 2544 MUR.
915 2533 942 2536 —-
962 2519 986 2543 8.
1006 2519 1183 2550 Runinberg]
1203 2520 1367 2550 Ruranberg
1386 2520 1498 2543 BMnn.
1518 2531 1527 2536 -
1547 2520 1641 2542 lacuna
1661 2518 1809 2542 AEMUR.
1828 2531 1860 2535 —
1884 2516 1923 2540 16.
1942 2518 2008 2547 dopo
2021 2516 2114 2541 Axule
2126 2524 2207 2548 segue

393 2562 419 2585 in
438 2562 462 2585 A
488 2569 536 2593 per
555 2564 640 2586 mant.
660 2564 767 2586 cancell.
788 2571 832 2586 con
851 2563 914 2594 rtjgo
933 2575 966 2579 —
987 2562 1027 2585 18.
1047 2568 1142 2585 recess.
1162 2562 1234 2589 AB;
1254 2563 1426 2585 recesserunt
1446 2561 1522 2585 Mun.
1543 2574 1574 2577 —
1596 2560 1636 2584 28.
1657 2567 1788 2591 passuum
1807 2560 1830 2582 A
1843 2560 1869 2583 Β
1887 2572 1920 2576 -
1939 2566 1980 2591 31.
2001 2559 2049 2590 qui
2068 2567 2115 2582 om.
2130 2558 2208 2582 Mure.

395 2617 426 2620 —
446 2609 488 2634 3²·
507 2605 572 2634 dopo
592 2605 618 2628 et
636 2612 717 2635 segue
737 2605 762 2628 in
781 2605 804 2628 A
825 2607 864 2628 tm
884 2605 993 2629 cancell.
1014 2612 1058 2627 con
1078 2612 1110 2627 un
1130 2604 1192 2635 rigro
1213 2617 1243 2621 —
1264 2611 1305 2634 34.
1324 2603 1429 2627 Eodem
1449 2611 1496 2626 omi
1516 2602 1592 2627 MUR.
1612 2615 1622 2619 -
1642 2601 1795 2625 millesimo
1815 2609 1907 2625 manca
1927 2601 1951 2625 A
1964 2601 2075 2625 BMUR.

480 2690 487 2706 ¹
509 2691 674 2715 Governolo
696 2692 823 2716 frazione
842 2693 871 2716 di
891 2691 1110 2716 Roncoferrara.
1167 2712 1171 2719 ,
1328 2691 1353 2714 le
1371 2691 1446 2714 corti
1466 2690 1676 2714 settentrionali
1697 2690 1812 2713 italiane
1825 2690 1855 2713 in
1871 2696 1947 2713 cerea
1961 2687 2082 2713 d'aiuto.
2107 2687 2206 2712 Ferme

479 2732 489 2748 ²
509 2733 691 2764 Capod1stria
711 2741 727 2758 a
749 2740 796 2764 107
818 2735 867 2758 kil.
886 2735 921 2757 da
941 2734 1020 2758 Pola.
1330 2741 1419 2756 venne
1439 2734 1544 2764 ripresa
1565 2733 1589 2755 al
1612 2731 1762 2755 Malatesta
1789 2732 1823 2755 da
1851 2732 1891 2755 fra
1917 2730 2047 2755 Mox-iale·
2083 2730 2106 2754 11
2133 2729 2210 2753 eard·

481 2776 491 2792 3
511 2776 680 2800 Bertrandus
700 2776 734 2799 de
752 2777 842 2806 Deux,
862 2776 995 2804 francese‚
1015 2783 1136 2800 vescovo
1163 2776 1191 2800 di
1211 2775 1274 2799 Ern-
1329 2775 1505 2800 d‘Albornoz
1525 2776 1663 2806 occupata
1682 2776 1781 2798 Fermo
1801 2781 1849 2805 per
1870 2774 1896 2797 la
1916 2773 2026 2804 Chiesa‚
2052 2773 2079 2796 la
2104 2773 2210 2796 cedette
2242 2777 2269 2802 15

393 2819 462 2841 brun
484 2817 664 2850 (1323—1338),
686 2820 780 2842 creato
801 2819 942 2842 cardinale
962 2819 1006 2842 del
1026 2819 1113 2842 titolo
1134 2819 1161 2842 di
1187 2817 1273 2842 Santa
1329 2818 1359 2841 in
1379 2818 1521 2841 vicariatu
1541 2817 1567 2840 al
1588 2817 1665 2840 detto
1684 2815 1799 2840 Gentile
1819 2816 1967 2839 nominato
1986 2814 2209 2847 “gonsaloniere

393 2860 496 2883 Sabina
523 2860 567 2883 nel
597 2866 669 2891 1337.
707 2861 801 2884 Morto
828 2862 855 2884 in
883 2860 1033 2892 Avignone
1060 2861 1080 2883 il
1107 2867 1137 2884 21
1165 2860 1276 2884 ottobre
1332 2859 1383 2883 “di
1404 2861 1478 2883 tutta
1504 2859 1531 2882 la
1556 2861 1638 2889 gente
1658 2858 1730 2881 della
1757 2857 1893 2889 Chiesa„‚
1919 2864 1962 2880 ma
1988 2857 2038 2888 poi
2064 2857 2092 2880 lo
2118 2858 2207 2880 stesso

396 2907 471 2933 1355.
509 2901 553 2926 Cf.
579 2901 675 2931 GAMS,
700 2906 739 2932 op.
765 2903 819 2932 cia,
838 2910 863 2934 p.
884 2902 949 2933 5483
969 2901 1140 2932 Cmcomus,
1160 2906 1202 2932 op.
1221 2903 1275 2931 cit..
1329 2900 1483 2925 Cardinale
1502 2901 1529 2924 la
1549 2902 1652 2931 riprese
1672 2908 1686 2924 a
1706 2899 1822 2923 Gentile
1842 2907 1890 2931 per
1902 2901 1998 2923 esse-tsi
2013 2899 2104 2930 questi
2118 2905 2212 2922 accor-

338 2950 368 2966 10
394 2949 484 2974 4724
1329 2944 1395 2967 dato
1416 2944 1458 2967 col
1480 2943 1638 2967 Malatesta.
1675 2942 1720 2967 Cf.
1746 2943 1775 2965 E.
1801 2941 1957 2970 anmm,
1984 2942 2025 2965 La
2050 2941 2210 2972 rieonquista

483 2985 493 2999 ⁴
512 2985 567 3009 San
587 2985 722 3010 Severino
741 2986 853 3009 Mai-che
873 2995 886 3010 a
907 2993 936 3017 31
958 2986 1008 3010 kil.
1029 2986 1064 3009 da
1083 2986 1232 3009 Macerata.
1329 2987 1399 3009 dello
1419 2986 1495 3010 Stato
1514 2986 1587 3009 della
1609 2985 1701 3009 Chiexa
1717 2988 1769 3014 per
1788 2988 1869 3014 opera
1888 2985 1917 3008 di
1936 2984 2037 3014 Egidio
2050 2983 2210 3006 d'AIborno:
2240 2989 2273 3007 20

481 3026 492 3042 5
512 3027 645 3051 Liberata
664 3029 740 3052 dalla
759 3029 912 3061 prigionia,
924 3028 1071 3060 peregrino
1090 3035 1106 3052 a
1126 3029 1214 3060 lungo
1229 3036 1277 3059 per
1331 3029 1360 3051 in
1380 3028 1484 3051 Studi
1505 3027 1648 3055 storici,
1669 3026 1742 3054 VIII,
1765 3025 1839 3058 1899,
1860 3033 1905 3058 pp.
1926 3025 1977 3057 316
1998 3033 2011 3049 e
2033 3032 2094 3056 sgg.
